[
    {
        "a": "1972023187",
        "E": "2024-01-05T10:59:00.236Z",
        "p": "43649.50",
        "q": "0.200",
        "m": true
    },
    {
        "a": "1972023188",
        "E": "2024-01-05T10:59:00.267Z",
        "p": "43649.60",
        "q": "1.049",
        "m": false
    },
    {
        "a": "1972023189",
        "E": "2024-01-05T10:59:00.267Z",
        "p": "43649.50",
        "q": "0.182",
        "m": true
    },
    {
        "a": "1972023190",
        "E": "2024-01-05T10:59:00.267Z",
        "p": "43649.30",
        "q": "0.008",
        "m": true
    },
    {
        "a": "1972023191",
        "E": "2024-01-05T10:59:00.267Z",
        "p": "43649.20",
        "q": "0.012",
        "m": true
    },
    {
        "a": "1972023192",
        "E": "2024-01-05T10:59:00.268Z",
        "p": "43648.80",
        "q": "0.003",
        "m": true
    },
    {
        "a": "1972023193",
        "E": "2024-01-05T10:59:00.268Z",
        "p": "43647.50",
        "q": "0.013",
        "m": true
    },
    {
        "a": "1972023194",
        "E": "2024-01-05T10:59:00.268Z",
        "p": "43647.20",
        "q": "0.021",
        "m": true
    },
    {
        "a": "1972023195",
        "E": "2024-01-05T10:59:00.268Z",
        "p": "43647.00",
        "q": "0.010",
        "m": true
    },
    {
        "a": "1972023196",
        "E": "2024-01-05T10:59:00.268Z",
        "p": "43646.50",
        "q": "0.010",
        "m": true
    },
    {
        "a": "1972023197",
        "E": "2024-01-05T10:59:00.268Z",
        "p": "43646.00",
        "q": "0.013",
        "m": true
    },
    {
        "a": "1972023198",
        "E": "2024-01-05T10:59:00.268Z",
        "p": "43645.80",
        "q": "0.031",
        "m": true
    },
    {
        "a": "1972023199",
        "E": "2024-01-05T10:59:00.268Z",
        "p": "43645.70",
        "q": "0.020",
        "m": true
    },
    {
        "a": "1972023200",
        "E": "2024-01-05T10:59:00.268Z",
        "p": "43645.60",
        "q": "0.028",
        "m": true
    },
    {
        "a": "1972023201",
        "E": "2024-01-05T10:59:00.268Z",
        "p": "43645.50",
        "q": "0.013",
        "m": true
    },
    {
        "a": "1972023202",
        "E": "2024-01-05T10:59:00.268Z",
        "p": "43645.40",
        "q": "0.004",
        "m": true
    },
    {
        "a": "1972023203",
        "E": "2024-01-05T10:59:00.268Z",
        "p": "43645.30",
        "q": "0.916",
        "m": true
    },
    {
        "a": "1972023204",
        "E": "2024-01-05T10:59:00.285Z",
        "p": "43645.10",
        "q": "0.842",
        "m": true
    },
    {
        "a": "1972023205",
        "E": "2024-01-05T10:59:00.285Z",
        "p": "43645.00",
        "q": "0.010",
        "m": true
    },
    {
        "a": "1972023206",
        "E": "2024-01-05T10:59:00.285Z",
        "p": "43644.80",
        "q": "0.003",
        "m": true
    },
    {
        "a": "1972023207",
        "E": "2024-01-05T10:59:00.285Z",
        "p": "43644.60",
        "q": "0.020",
        "m": true
    },
    {
        "a": "1972023208",
        "E": "2024-01-05T10:59:00.293Z",
        "p": "43644.50",
        "q": "0.003",
        "m": true
    },
    {
        "a": "1972023209",
        "E": "2024-01-05T10:59:00.325Z",
        "p": "43644.40",
        "q": "0.006",
        "m": true
    },
    {
        "a": "1972023210",
        "E": "2024-01-05T10:59:00.325Z",
        "p": "43643.00",
        "q": "0.462",
        "m": true
    },
    {
        "a": "1972023211",
        "E": "2024-01-05T10:59:00.325Z",
        "p": "43642.60",
        "q": "0.451",
        "m": true
    },
    {
        "a": "1972023212",
        "E": "2024-01-05T10:59:00.325Z",
        "p": "43642.50",
        "q": "0.459",
        "m": true
    },
    {
        "a": "1972023213",
        "E": "2024-01-05T10:59:00.325Z",
        "p": "43642.30",
        "q": "0.392",
        "m": true
    },
    {
        "a": "1972023214",
        "E": "2024-01-05T10:59:00.325Z",
        "p": "43642.20",
        "q": "0.250",
        "m": true
    },
    {
        "a": "1972023215",
        "E": "2024-01-05T10:59:00.361Z",
        "p": "43642.00",
        "q": "0.010",
        "m": true
    },
    {
        "a": "1972023216",
        "E": "2024-01-05T10:59:00.361Z",
        "p": "43641.80",
        "q": "0.100",
        "m": false
    },
    {
        "a": "1972023217",
        "E": "2024-01-05T10:59:00.363Z",
        "p": "43641.70",
        "q": "0.003",
        "m": true
    },
    {
        "a": "1972023218",
        "E": "2024-01-05T10:59:00.455Z",
        "p": "43641.80",
        "q": "0.272",
        "m": false
    },
    {
        "a": "1972023219",
        "E": "2024-01-05T10:59:00.455Z",
        "p": "43641.70",
        "q": "0.103",
        "m": true
    },
    {
        "a": "1972023220",
        "E": "2024-01-05T10:59:00.455Z",
        "p": "43641.60",
        "q": "0.003",
        "m": true
    },
    {
        "a": "1972023221",
        "E": "2024-01-05T10:59:00.456Z",
        "p": "43641.20",
        "q": "5.000",
        "m": true
    },
    {
        "a": "1972023222",
        "E": "2024-01-05T10:59:00.479Z",
        "p": "43641.00",
        "q": "0.882",
        "m": true
    },
    {
        "a": "1972023223",
        "E": "2024-01-05T10:59:00.485Z",
        "p": "43640.70",
        "q": "0.003",
        "m": false
    },
    {
        "a": "1972023224",
        "E": "2024-01-05T10:59:00.485Z",
        "p": "43640.60",
        "q": "0.034",
        "m": true
    },
    {
        "a": "1972023225",
        "E": "2024-01-05T10:59:00.485Z",
        "p": "43640.40",
        "q": "0.020",
        "m": true
    },
    {
        "a": "1972023226",
        "E": "2024-01-05T10:59:00.485Z",
        "p": "43640.30",
        "q": "0.103",
        "m": true
    },
    {
        "a": "1972023227",
        "E": "2024-01-05T10:59:00.485Z",
        "p": "43640.20",
        "q": "0.020",
        "m": true
    },
    {
        "a": "1972023228",
        "E": "2024-01-05T10:59:00.485Z",
        "p": "43640.10",
        "q": "0.020",
        "m": true
    },
    {
        "a": "1972023229",
        "E": "2024-01-05T10:59:00.486Z",
        "p": "43640.00",
        "q": "0.020",
        "m": true
    },
    {
        "a": "1972023230",
        "E": "2024-01-05T10:59:00.486Z",
        "p": "43639.60",
        "q": "0.020",
        "m": true
    },
    {
        "a": "1972023231",
        "E": "2024-01-05T10:59:00.486Z",
        "p": "43639.50",
        "q": "0.030",
        "m": true
    },
    {
        "a": "1972023232",
        "E": "2024-01-05T10:59:00.486Z",
        "p": "43639.30",
        "q": "0.020",
        "m": true
    },
    {
        "a": "1972023233",
        "E": "2024-01-05T10:59:00.486Z",
        "p": "43639.20",
        "q": "0.020",
        "m": true
    },
    {
        "a": "1972023234",
        "E": "2024-01-05T10:59:00.504Z",
        "p": "43639.00",
        "q": "0.030",
        "m": true
    },
    {
        "a": "1972023235",
        "E": "2024-01-05T10:59:00.518Z",
        "p": "43638.70",
        "q": "0.129",
        "m": false
    },
    {
        "a": "1972023236",
        "E": "2024-01-05T10:59:00.531Z",
        "p": "43638.60",
        "q": "0.005",
        "m": true
    },
    {
        "a": "1972023237",
        "E": "2024-01-05T10:59:00.546Z",
        "p": "43638.70",
        "q": "0.020",
        "m": false
    },
    {
        "a": "1972023238",
        "E": "2024-01-05T10:59:00.582Z",
        "p": "43638.60",
        "q": "0.164",
        "m": true
    },
    {
        "a": "1972023239",
        "E": "2024-01-05T10:59:00.582Z",
        "p": "43638.50",
        "q": "0.003",
        "m": true
    },
    {
        "a": "1972023240",
        "E": "2024-01-05T10:59:00.582Z",
        "p": "43638.00",
        "q": "0.010",
        "m": true
    },
    {
        "a": "1972023241",
        "E": "2024-01-05T10:59:00.582Z",
        "p": "43637.90",
        "q": "0.081",
        "m": true
    },
    {
        "a": "1972023242",
        "E": "2024-01-05T10:59:00.582Z",
        "p": "43637.80",
        "q": "0.257",
        "m": true
    },
    {
        "a": "1972023243",
        "E": "2024-01-05T10:59:00.615Z",
        "p": "43637.40",
        "q": "0.025",
        "m": true
    },
    {
        "a": "1972023244",
        "E": "2024-01-05T10:59:00.735Z",
        "p": "43637.50",
        "q": "0.648",
        "m": false
    },
    {
        "a": "1972023245",
        "E": "2024-01-05T10:59:00.803Z",
        "p": "43637.50",
        "q": "0.008",
        "m": false
    },
    {
        "a": "1972023246",
        "E": "2024-01-05T10:59:00.840Z",
        "p": "43637.40",
        "q": "0.010",
        "m": true
    },
    {
        "a": "1972023247",
        "E": "2024-01-05T10:59:00.968Z",
        "p": "43637.50",
        "q": "0.414",
        "m": false
    },
    {
        "a": "1972023248",
        "E": "2024-01-05T10:59:01.010Z",
        "p": "43637.50",
        "q": "0.007",
        "m": false
    },
    {
        "a": "1972023249",
        "E": "2024-01-05T10:59:01.097Z",
        "p": "43637.40",
        "q": "0.071",
        "m": true
    },
    {
        "a": "1972023250",
        "E": "2024-01-05T10:59:01.174Z",
        "p": "43637.50",
        "q": "0.161",
        "m": false
    },
    {
        "a": "1972023251",
        "E": "2024-01-05T10:59:01.192Z",
        "p": "43637.40",
        "q": "0.004",
        "m": true
    },
    {
        "a": "1972023252",
        "E": "2024-01-05T10:59:01.194Z",
        "p": "43637.50",
        "q": "0.022",
        "m": false
    },
    {
        "a": "1972023253",
        "E": "2024-01-05T10:59:01.233Z",
        "p": "43637.40",
        "q": "0.020",
        "m": true
    },
    {
        "a": "1972023254",
        "E": "2024-01-05T10:59:01.384Z",
        "p": "43637.50",
        "q": "0.098",
        "m": false
    },
    {
        "a": "1972023255",
        "E": "2024-01-05T10:59:01.514Z",
        "p": "43637.50",
        "q": "0.250",
        "m": false
    },
    {
        "a": "1972023256",
        "E": "2024-01-05T10:59:01.523Z",
        "p": "43637.40",
        "q": "0.927",
        "m": true
    },
    {
        "a": "1972023257",
        "E": "2024-01-05T10:59:01.523Z",
        "p": "43637.30",
        "q": "0.024",
        "m": true
    },
    {
        "a": "1972023258",
        "E": "2024-01-05T10:59:01.523Z",
        "p": "43637.00",
        "q": "0.040",
        "m": true
    },
    {
        "a": "1972023259",
        "E": "2024-01-05T10:59:01.523Z",
        "p": "43636.90",
        "q": "0.017",
        "m": true
    },
    {
        "a": "1972023260",
        "E": "2024-01-05T10:59:01.523Z",
        "p": "43636.50",
        "q": "0.022",
        "m": true
    },
    {
        "a": "1972023261",
        "E": "2024-01-05T10:59:01.550Z",
        "p": "43636.20",
        "q": "0.003",
        "m": true
    },
    {
        "a": "1972023262",
        "E": "2024-01-05T10:59:01.554Z",
        "p": "43636.30",
        "q": "0.032",
        "m": false
    },
    {
        "a": "1972023263",
        "E": "2024-01-05T10:59:01.554Z",
        "p": "43636.20",
        "q": "0.017",
        "m": true
    },
    {
        "a": "1972023264",
        "E": "2024-01-05T10:59:01.554Z",
        "p": "43636.10",
        "q": "0.020",
        "m": true
    },
    {
        "a": "1972023265",
        "E": "2024-01-05T10:59:01.554Z",
        "p": "43636.00",
        "q": "0.040",
        "m": true
    },
    {
        "a": "1972023266",
        "E": "2024-01-05T10:59:01.554Z",
        "p": "43635.90",
        "q": "0.080",
        "m": true
    },
    {
        "a": "1972023267",
        "E": "2024-01-05T10:59:01.554Z",
        "p": "43635.70",
        "q": "0.020",
        "m": true
    },
    {
        "a": "1972023268",
        "E": "2024-01-05T10:59:01.554Z",
        "p": "43635.60",
        "q": "0.020",
        "m": true
    },
    {
        "a": "1972023269",
        "E": "2024-01-05T10:59:01.554Z",
        "p": "43635.50",
        "q": "0.010",
        "m": true
    },
    {
        "a": "1972023270",
        "E": "2024-01-05T10:59:01.554Z",
        "p": "43635.20",
        "q": "0.020",
        "m": true
    },
    {
        "a": "1972023271",
        "E": "2024-01-05T10:59:01.554Z",
        "p": "43635.10",
        "q": "0.020",
        "m": true
    },
    {
        "a": "1972023272",
        "E": "2024-01-05T10:59:01.554Z",
        "p": "43635.00",
        "q": "0.041",
        "m": true
    },
    {
        "a": "1972023273",
        "E": "2024-01-05T10:59:01.555Z",
        "p": "43634.80",
        "q": "0.020",
        "m": true
    },
    {
        "a": "1972023274",
        "E": "2024-01-05T10:59:01.555Z",
        "p": "43634.70",
        "q": "0.020",
        "m": true
    },
    {
        "a": "1972023275",
        "E": "2024-01-05T10:59:01.555Z",
        "p": "43634.50",
        "q": "0.010",
        "m": true
    },
    {
        "a": "1972023276",
        "E": "2024-01-05T10:59:01.555Z",
        "p": "43634.20",
        "q": "0.054",
        "m": true
    },
    {
        "a": "1972023277",
        "E": "2024-01-05T10:59:01.555Z",
        "p": "43634.00",
        "q": "0.010",
        "m": true
    },
    {
        "a": "1972023278",
        "E": "2024-01-05T10:59:01.561Z",
        "p": "43633.50",
        "q": "0.196",
        "m": true
    },
    {
        "a": "1972023279",
        "E": "2024-01-05T10:59:01.593Z",
        "p": "43633.80",
        "q": "0.005",
        "m": false
    },
    {
        "a": "1972023280",
        "E": "2024-01-05T10:59:01.609Z",
        "p": "43633.60",
        "q": "0.003",
        "m": false
    },
    {
        "a": "1972023281",
        "E": "2024-01-05T10:59:01.619Z",
        "p": "43633.50",
        "q": "0.654",
        "m": true
    },
    {
        "a": "1972023282",
        "E": "2024-01-05T10:59:01.619Z",
        "p": "43633.00",
        "q": "0.039",
        "m": true
    },
    {
        "a": "1972023283",
        "E": "2024-01-05T10:59:01.619Z",
        "p": "43632.90",
        "q": "0.020",
        "m": true
    },
    {
        "a": "1972023284",
        "E": "2024-01-05T10:59:01.619Z",
        "p": "43632.50",
        "q": "0.010",
        "m": true
    },
    {
        "a": "1972023285",
        "E": "2024-01-05T10:59:01.619Z",
        "p": "43632.00",
        "q": "0.010",
        "m": true
    },
    {
        "a": "1972023286",
        "E": "2024-01-05T10:59:01.619Z",
        "p": "43631.90",
        "q": "0.020",
        "m": true
    },
    {
        "a": "1972023287",
        "E": "2024-01-05T10:59:01.619Z",
        "p": "43631.70",
        "q": "0.081",
        "m": true
    },
    {
        "a": "1972023288",
        "E": "2024-01-05T10:59:01.619Z",
        "p": "43631.60",
        "q": "0.060",
        "m": true
    },
    {
        "a": "1972023289",
        "E": "2024-01-05T10:59:01.619Z",
        "p": "43631.50",
        "q": "0.063",
        "m": true
    },
    {
        "a": "1972023290",
        "E": "2024-01-05T10:59:01.639Z",
        "p": "43631.40",
        "q": "0.020",
        "m": true
    },
    {
        "a": "1972023291",
        "E": "2024-01-05T10:59:01.655Z",
        "p": "43631.50",
        "q": "0.232",
        "m": false
    },
    {
        "a": "1972023292",
        "E": "2024-01-05T10:59:01.696Z",
        "p": "43631.40",
        "q": "0.458",
        "m": false
    },
    {
        "a": "1972023293",
        "E": "2024-01-05T10:59:01.745Z",
        "p": "43631.30",
        "q": "0.118",
        "m": true
    },
    {
        "a": "1972023294",
        "E": "2024-01-05T10:59:01.745Z",
        "p": "43631.20",
        "q": "0.003",
        "m": true
    },
    {
        "a": "1972023295",
        "E": "2024-01-05T10:59:01.797Z",
        "p": "43630.90",
        "q": "0.003",
        "m": true
    },
    {
        "a": "1972023296",
        "E": "2024-01-05T10:59:01.814Z",
        "p": "43631.00",
        "q": "0.012",
        "m": false
    },
    {
        "a": "1972023297",
        "E": "2024-01-05T10:59:01.840Z",
        "p": "43630.90",
        "q": "0.017",
        "m": true
    },
    {
        "a": "1972023298",
        "E": "2024-01-05T10:59:01.866Z",
        "p": "43630.90",
        "q": "0.825",
        "m": false
    },
    {
        "a": "1972023299",
        "E": "2024-01-05T10:59:01.869Z",
        "p": "43630.80",
        "q": "0.020",
        "m": true
    },
    {
        "a": "1972023300",
        "E": "2024-01-05T10:59:01.869Z",
        "p": "43630.70",
        "q": "0.011",
        "m": false
    },
    {
        "a": "1972023301",
        "E": "2024-01-05T10:59:01.872Z",
        "p": "43630.60",
        "q": "0.003",
        "m": true
    },
    {
        "a": "1972023302",
        "E": "2024-01-05T10:59:01.901Z",
        "p": "43630.70",
        "q": "0.636",
        "m": false
    },
    {
        "a": "1972023303",
        "E": "2024-01-05T10:59:01.918Z",
        "p": "43630.60",
        "q": "0.017",
        "m": true
    },
    {
        "a": "1972023304",
        "E": "2024-01-05T10:59:01.918Z",
        "p": "43630.50",
        "q": "0.030",
        "m": true
    },
    {
        "a": "1972023305",
        "E": "2024-01-05T10:59:01.918Z",
        "p": "43630.30",
        "q": "0.020",
        "m": true
    },
    {
        "a": "1972023306",
        "E": "2024-01-05T10:59:01.929Z",
        "p": "43630.00",
        "q": "0.019",
        "m": true
    },
    {
        "a": "1972023307",
        "E": "2024-01-05T10:59:01.952Z",
        "p": "43630.10",
        "q": "0.044",
        "m": false
    },
    {
        "a": "1972023308",
        "E": "2024-01-05T10:59:02.103Z",
        "p": "43630.00",
        "q": "0.160",
        "m": true
    },
    {
        "a": "1972023309",
        "E": "2024-01-05T10:59:02.165Z",
        "p": "43630.10",
        "q": "0.500",
        "m": false
    },
    {
        "a": "1972023310",
        "E": "2024-01-05T10:59:02.171Z",
        "p": "43630.00",
        "q": "0.004",
        "m": true
    },
    {
        "a": "1972023311",
        "E": "2024-01-05T10:59:02.287Z",
        "p": "43630.10",
        "q": "1.375",
        "m": false
    },
    {
        "a": "1972023312",
        "E": "2024-01-05T10:59:02.305Z",
        "p": "43630.00",
        "q": "0.059",
        "m": true
    },
    {
        "a": "1972023313",
        "E": "2024-01-05T10:59:02.318Z",
        "p": "43630.10",
        "q": "0.004",
        "m": false
    },
    {
        "a": "1972023314",
        "E": "2024-01-05T10:59:02.364Z",
        "p": "43630.00",
        "q": "0.034",
        "m": true
    },
    {
        "a": "1972023315",
        "E": "2024-01-05T10:59:02.439Z",
        "p": "43630.10",
        "q": "0.053",
        "m": false
    },
    {
        "a": "1972023316",
        "E": "2024-01-05T10:59:02.454Z",
        "p": "43630.00",
        "q": "0.049",
        "m": true
    },
    {
        "a": "1972023317",
        "E": "2024-01-05T10:59:02.592Z",
        "p": "43630.10",
        "q": "0.144",
        "m": false
    },
    {
        "a": "1972023318",
        "E": "2024-01-05T10:59:02.675Z",
        "p": "43630.10",
        "q": "1.084",
        "m": false
    },
    {
        "a": "1972023319",
        "E": "2024-01-05T10:59:02.755Z",
        "p": "43630.00",
        "q": "0.045",
        "m": true
    },
    {
        "a": "1972023320",
        "E": "2024-01-05T10:59:02.781Z",
        "p": "43630.10",
        "q": "0.077",
        "m": false
    },
    {
        "a": "1972023321",
        "E": "2024-01-05T10:59:02.796Z",
        "p": "43630.00",
        "q": "0.014",
        "m": true
    },
    {
        "a": "1972023322",
        "E": "2024-01-05T10:59:02.830Z",
        "p": "43630.10",
        "q": "0.788",
        "m": false
    },
    {
        "a": "1972023323",
        "E": "2024-01-05T10:59:02.830Z",
        "p": "43630.60",
        "q": "0.406",
        "m": false
    },
    {
        "a": "1972023324",
        "E": "2024-01-05T10:59:02.830Z",
        "p": "43630.70",
        "q": "0.133",
        "m": false
    },
    {
        "a": "1972023325",
        "E": "2024-01-05T10:59:02.830Z",
        "p": "43630.90",
        "q": "0.466",
        "m": false
    },
    {
        "a": "1972023326",
        "E": "2024-01-05T10:59:02.830Z",
        "p": "43631.00",
        "q": "0.085",
        "m": false
    },
    {
        "a": "1972023327",
        "E": "2024-01-05T10:59:02.830Z",
        "p": "43631.30",
        "q": "0.172",
        "m": false
    },
    {
        "a": "1972023328",
        "E": "2024-01-05T10:59:02.830Z",
        "p": "43631.40",
        "q": "0.263",
        "m": false
    },
    {
        "a": "1972023329",
        "E": "2024-01-05T10:59:02.830Z",
        "p": "43631.50",
        "q": "0.008",
        "m": false
    },
    {
        "a": "1972023330",
        "E": "2024-01-05T10:59:02.858Z",
        "p": "43632.40",
        "q": "3.557",
        "m": false
    },
    {
        "a": "1972023331",
        "E": "2024-01-05T10:59:02.860Z",
        "p": "43632.30",
        "q": "0.167",
        "m": true
    },
    {
        "a": "1972023332",
        "E": "2024-01-05T10:59:02.980Z",
        "p": "43632.40",
        "q": "0.051",
        "m": false
    },
    {
        "a": "1972023333",
        "E": "2024-01-05T10:59:02.983Z",
        "p": "43632.30",
        "q": "2.376",
        "m": true
    },
    {
        "a": "1972023334",
        "E": "2024-01-05T10:59:03.008Z",
        "p": "43632.40",
        "q": "0.150",
        "m": false
    },
    {
        "a": "1972023335",
        "E": "2024-01-05T10:59:03.028Z",
        "p": "43632.30",
        "q": "0.009",
        "m": true
    },
    {
        "a": "1972023336",
        "E": "2024-01-05T10:59:03.075Z",
        "p": "43632.40",
        "q": "0.054",
        "m": false
    },
    {
        "a": "1972023337",
        "E": "2024-01-05T10:59:03.222Z",
        "p": "43632.30",
        "q": "1.633",
        "m": true
    },
    {
        "a": "1972023338",
        "E": "2024-01-05T10:59:03.247Z",
        "p": "43632.40",
        "q": "0.250",
        "m": false
    },
    {
        "a": "1972023339",
        "E": "2024-01-05T10:59:03.398Z",
        "p": "43632.30",
        "q": "0.474",
        "m": true
    },
    {
        "a": "1972023340",
        "E": "2024-01-05T10:59:03.434Z",
        "p": "43632.40",
        "q": "0.003",
        "m": false
    },
    {
        "a": "1972023341",
        "E": "2024-01-05T10:59:03.434Z",
        "p": "43632.30",
        "q": "0.290",
        "m": true
    },
    {
        "a": "1972023342",
        "E": "2024-01-05T10:59:03.434Z",
        "p": "43632.20",
        "q": "0.003",
        "m": true
    },
    {
        "a": "1972023343",
        "E": "2024-01-05T10:59:03.434Z",
        "p": "43632.00",
        "q": "0.310",
        "m": true
    },
    {
        "a": "1972023344",
        "E": "2024-01-05T10:59:03.434Z",
        "p": "43631.50",
        "q": "0.010",
        "m": true
    },
    {
        "a": "1972023345",
        "E": "2024-01-05T10:59:03.440Z",
        "p": "43631.00",
        "q": "0.003",
        "m": true
    },
    {
        "a": "1972023346",
        "E": "2024-01-05T10:59:03.440Z",
        "p": "43630.10",
        "q": "0.250",
        "m": true
    },
    {
        "a": "1972023347",
        "E": "2024-01-05T10:59:03.440Z",
        "p": "43630.00",
        "q": "0.085",
        "m": true
    },
    {
        "a": "1972023348",
        "E": "2024-01-05T10:59:03.440Z",
        "p": "43629.90",
        "q": "0.001",
        "m": true
    },
    {
        "a": "1972023349",
        "E": "2024-01-05T10:59:03.441Z",
        "p": "43629.50",
        "q": "0.268",
        "m": true
    },
    {
        "a": "1972023350",
        "E": "2024-01-05T10:59:03.441Z",
        "p": "43629.40",
        "q": "0.020",
        "m": true
    },
    {
        "a": "1972023351",
        "E": "2024-01-05T10:59:03.461Z",
        "p": "43629.30",
        "q": "0.573",
        "m": true
    },
    {
        "a": "1972023352",
        "E": "2024-01-05T10:59:03.461Z",
        "p": "43628.70",
        "q": "0.100",
        "m": false
    },
    {
        "a": "1972023353",
        "E": "2024-01-05T10:59:03.491Z",
        "p": "43628.60",
        "q": "0.020",
        "m": true
    },
    {
        "a": "1972023354",
        "E": "2024-01-05T10:59:03.491Z",
        "p": "43628.50",
        "q": "0.003",
        "m": true
    },
    {
        "a": "1972023355",
        "E": "2024-01-05T10:59:03.491Z",
        "p": "43628.20",
        "q": "0.026",
        "m": true
    },
    {
        "a": "1972023356",
        "E": "2024-01-05T10:59:03.491Z",
        "p": "43628.00",
        "q": "0.020",
        "m": true
    },
    {
        "a": "1972023357",
        "E": "2024-01-05T10:59:03.491Z",
        "p": "43627.90",
        "q": "0.021",
        "m": true
    },
    {
        "a": "1972023358",
        "E": "2024-01-05T10:59:03.491Z",
        "p": "43627.70",
        "q": "0.265",
        "m": true
    },
    {
        "a": "1972023359",
        "E": "2024-01-05T10:59:03.491Z",
        "p": "43627.50",
        "q": "0.034",
        "m": true
    },
    {
        "a": "1972023360",
        "E": "2024-01-05T10:59:03.491Z",
        "p": "43627.30",
        "q": "0.020",
        "m": true
    },
    {
        "a": "1972023361",
        "E": "2024-01-05T10:59:03.491Z",
        "p": "43627.20",
        "q": "0.100",
        "m": true
    },
    {
        "a": "1972023362",
        "E": "2024-01-05T10:59:03.491Z",
        "p": "43627.00",
        "q": "0.070",
        "m": true
    },
    {
        "a": "1972023363",
        "E": "2024-01-05T10:59:03.491Z",
        "p": "43626.80",
        "q": "0.438",
        "m": true
    },
    {
        "a": "1972023364",
        "E": "2024-01-05T10:59:03.491Z",
        "p": "43626.50",
        "q": "0.274",
        "m": true
    },
    {
        "a": "1972023365",
        "E": "2024-01-05T10:59:03.528Z",
        "p": "43626.00",
        "q": "0.023",
        "m": true
    },
    {
        "a": "1972023366",
        "E": "2024-01-05T10:59:03.530Z",
        "p": "43625.60",
        "q": "0.010",
        "m": true
    },
    {
        "a": "1972023367",
        "E": "2024-01-05T10:59:03.556Z",
        "p": "43625.40",
        "q": "0.005",
        "m": true
    },
    {
        "a": "1972023368",
        "E": "2024-01-05T10:59:03.556Z",
        "p": "43625.00",
        "q": "0.064",
        "m": true
    },
    {
        "a": "1972023369",
        "E": "2024-01-05T10:59:03.556Z",
        "p": "43624.50",
        "q": "0.010",
        "m": true
    },
    {
        "a": "1972023370",
        "E": "2024-01-05T10:59:03.556Z",
        "p": "43624.20",
        "q": "0.020",
        "m": true
    },
    {
        "a": "1972023371",
        "E": "2024-01-05T10:59:03.572Z",
        "p": "43624.10",
        "q": "0.005",
        "m": true
    },
    {
        "a": "1972023372",
        "E": "2024-01-05T10:59:03.572Z",
        "p": "43623.80",
        "q": "0.020",
        "m": true
    },
    {
        "a": "1972023373",
        "E": "2024-01-05T10:59:03.572Z",
        "p": "43623.50",
        "q": "0.030",
        "m": true
    },
    {
        "a": "1972023374",
        "E": "2024-01-05T10:59:03.597Z",
        "p": "43623.40",
        "q": "0.498",
        "m": true
    },
    {
        "a": "1972023375",
        "E": "2024-01-05T10:59:03.622Z",
        "p": "43623.20",
        "q": "0.023",
        "m": true
    },
    {
        "a": "1972023376",
        "E": "2024-01-05T10:59:03.644Z",
        "p": "43623.30",
        "q": "0.259",
        "m": false
    },
    {
        "a": "1972023377",
        "E": "2024-01-05T10:59:03.717Z",
        "p": "43623.00",
        "q": "0.040",
        "m": true
    },
    {
        "a": "1972023378",
        "E": "2024-01-05T10:59:03.740Z",
        "p": "43622.90",
        "q": "0.020",
        "m": true
    },
    {
        "a": "1972023379",
        "E": "2024-01-05T10:59:03.822Z",
        "p": "43622.90",
        "q": "0.068",
        "m": false
    },
    {
        "a": "1972023380",
        "E": "2024-01-05T10:59:03.940Z",
        "p": "43622.80",
        "q": "0.015",
        "m": true
    },
    {
        "a": "1972023381",
        "E": "2024-01-05T10:59:04.040Z",
        "p": "43622.90",
        "q": "0.010",
        "m": false
    },
    {
        "a": "1972023382",
        "E": "2024-01-05T10:59:04.040Z",
        "p": "43622.80",
        "q": "0.039",
        "m": true
    },
    {
        "a": "1972023383",
        "E": "2024-01-05T10:59:04.040Z",
        "p": "43622.70",
        "q": "0.023",
        "m": true
    },
    {
        "a": "1972023384",
        "E": "2024-01-05T10:59:04.044Z",
        "p": "43622.20",
        "q": "0.020",
        "m": true
    },
    {
        "a": "1972023385",
        "E": "2024-01-05T10:59:04.044Z",
        "p": "43622.00",
        "q": "0.010",
        "m": true
    },
    {
        "a": "1972023386",
        "E": "2024-01-05T10:59:04.044Z",
        "p": "43621.50",
        "q": "0.010",
        "m": true
    },
    {
        "a": "1972023387",
        "E": "2024-01-05T10:59:04.044Z",
        "p": "43621.30",
        "q": "0.593",
        "m": true
    },
    {
        "a": "1972023388",
        "E": "2024-01-05T10:59:04.044Z",
        "p": "43621.20",
        "q": "0.020",
        "m": true
    },
    {
        "a": "1972023389",
        "E": "2024-01-05T10:59:04.044Z",
        "p": "43621.10",
        "q": "0.003",
        "m": true
    },
    {
        "a": "1972023390",
        "E": "2024-01-05T10:59:04.044Z",
        "p": "43621.00",
        "q": "0.030",
        "m": true
    },
    {
        "a": "1972023391",
        "E": "2024-01-05T10:59:04.044Z",
        "p": "43620.70",
        "q": "0.040",
        "m": true
    },
    {
        "a": "1972023392",
        "E": "2024-01-05T10:59:04.044Z",
        "p": "43620.50",
        "q": "0.010",
        "m": true
    },
    {
        "a": "1972023393",
        "E": "2024-01-05T10:59:04.044Z",
        "p": "43620.30",
        "q": "2.000",
        "m": true
    },
    {
        "a": "1972023394",
        "E": "2024-01-05T10:59:04.044Z",
        "p": "43620.20",
        "q": "0.020",
        "m": true
    },
    {
        "a": "1972023395",
        "E": "2024-01-05T10:59:04.044Z",
        "p": "43620.10",
        "q": "0.020",
        "m": true
    },
    {
        "a": "1972023396",
        "E": "2024-01-05T10:59:04.044Z",
        "p": "43620.00",
        "q": "0.010",
        "m": true
    },
    {
        "a": "1972023397",
        "E": "2024-01-05T10:59:04.044Z",
        "p": "43619.90",
        "q": "0.020",
        "m": true
    },
    {
        "a": "1972023398",
        "E": "2024-01-05T10:59:04.044Z",
        "p": "43619.80",
        "q": "0.020",
        "m": true
    },
    {
        "a": "1972023399",
        "E": "2024-01-05T10:59:04.045Z",
        "p": "43619.70",
        "q": "0.023",
        "m": true
    },
    {
        "a": "1972023400",
        "E": "2024-01-05T10:59:04.049Z",
        "p": "43619.50",
        "q": "0.005",
        "m": true
    },
    {
        "a": "1972023401",
        "E": "2024-01-05T10:59:04.053Z",
        "p": "43619.60",
        "q": "0.004",
        "m": false
    },
    {
        "a": "1972023402",
        "E": "2024-01-05T10:59:04.053Z",
        "p": "43619.40",
        "q": "0.020",
        "m": true
    },
    {
        "a": "1972023403",
        "E": "2024-01-05T10:59:04.055Z",
        "p": "43619.00",
        "q": "0.030",
        "m": true
    },
    {
        "a": "1972023404",
        "E": "2024-01-05T10:59:04.055Z",
        "p": "43618.90",
        "q": "0.003",
        "m": true
    },
    {
        "a": "1972023405",
        "E": "2024-01-05T10:59:04.055Z",
        "p": "43618.80",
        "q": "0.020",
        "m": true
    },
    {
        "a": "1972023406",
        "E": "2024-01-05T10:59:04.055Z",
        "p": "43618.70",
        "q": "0.020",
        "m": true
    },
    {
        "a": "1972023407",
        "E": "2024-01-05T10:59:04.056Z",
        "p": "43618.60",
        "q": "0.058",
        "m": true
    },
    {
        "a": "1972023408",
        "E": "2024-01-05T10:59:04.056Z",
        "p": "43618.50",
        "q": "0.040",
        "m": true
    },
    {
        "a": "1972023409",
        "E": "2024-01-05T10:59:04.056Z",
        "p": "43618.40",
        "q": "0.020",
        "m": true
    },
    {
        "a": "1972023410",
        "E": "2024-01-05T10:59:04.056Z",
        "p": "43618.30",
        "q": "0.020",
        "m": true
    },
    {
        "a": "1972023411",
        "E": "2024-01-05T10:59:04.056Z",
        "p": "43618.10",
        "q": "0.003",
        "m": true
    },
    {
        "a": "1972023412",
        "E": "2024-01-05T10:59:04.056Z",
        "p": "43618.00",
        "q": "0.003",
        "m": true
    },
    {
        "a": "1972023413",
        "E": "2024-01-05T10:59:04.058Z",
        "p": "43617.90",
        "q": "0.020",
        "m": true
    },
    {
        "a": "1972023414",
        "E": "2024-01-05T10:59:04.068Z",
        "p": "43618.00",
        "q": "0.198",
        "m": false
    },
    {
        "a": "1972023415",
        "E": "2024-01-05T10:59:04.068Z",
        "p": "43617.50",
        "q": "0.010",
        "m": true
    },
    {
        "a": "1972023416",
        "E": "2024-01-05T10:59:04.068Z",
        "p": "43617.40",
        "q": "0.003",
        "m": true
    },
    {
        "a": "1972023417",
        "E": "2024-01-05T10:59:04.068Z",
        "p": "43617.00",
        "q": "0.013",
        "m": true
    },
    {
        "a": "1972023418",
        "E": "2024-01-05T10:59:04.068Z",
        "p": "43616.90",
        "q": "0.020",
        "m": true
    },
    {
        "a": "1972023419",
        "E": "2024-01-05T10:59:04.068Z",
        "p": "43616.70",
        "q": "0.016",
        "m": true
    },
    {
        "a": "1972023420",
        "E": "2024-01-05T10:59:04.068Z",
        "p": "43616.60",
        "q": "0.029",
        "m": true
    },
    {
        "a": "1972023421",
        "E": "2024-01-05T10:59:04.068Z",
        "p": "43616.50",
        "q": "0.010",
        "m": true
    },
    {
        "a": "1972023422",
        "E": "2024-01-05T10:59:04.068Z",
        "p": "43616.40",
        "q": "0.020",
        "m": true
    },
    {
        "a": "1972023423",
        "E": "2024-01-05T10:59:04.068Z",
        "p": "43616.30",
        "q": "0.020",
        "m": true
    },
    {
        "a": "1972023424",
        "E": "2024-01-05T10:59:04.068Z",
        "p": "43616.00",
        "q": "0.070",
        "m": true
    },
    {
        "a": "1972023425",
        "E": "2024-01-05T10:59:04.068Z",
        "p": "43615.80",
        "q": "0.020",
        "m": true
    },
    {
        "a": "1972023426",
        "E": "2024-01-05T10:59:04.068Z",
        "p": "43615.70",
        "q": "0.020",
        "m": true
    },
    {
        "a": "1972023427",
        "E": "2024-01-05T10:59:04.068Z",
        "p": "43615.60",
        "q": "0.020",
        "m": true
    },
    {
        "a": "1972023428",
        "E": "2024-01-05T10:59:04.068Z",
        "p": "43615.50",
        "q": "0.030",
        "m": true
    },
    {
        "a": "1972023429",
        "E": "2024-01-05T10:59:04.069Z",
        "p": "43615.40",
        "q": "0.020",
        "m": true
    },
    {
        "a": "1972023430",
        "E": "2024-01-05T10:59:04.069Z",
        "p": "43615.30",
        "q": "0.020",
        "m": true
    },
    {
        "a": "1972023431",
        "E": "2024-01-05T10:59:04.115Z",
        "p": "43615.20",
        "q": "0.211",
        "m": true
    },
    {
        "a": "1972023432",
        "E": "2024-01-05T10:59:04.115Z",
        "p": "43615.10",
        "q": "0.135",
        "m": true
    },
    {
        "a": "1972023433",
        "E": "2024-01-05T10:59:04.115Z",
        "p": "43615.00",
        "q": "0.060",
        "m": true
    },
    {
        "a": "1972023434",
        "E": "2024-01-05T10:59:04.115Z",
        "p": "43614.50",
        "q": "0.010",
        "m": true
    },
    {
        "a": "1972023435",
        "E": "2024-01-05T10:59:04.115Z",
        "p": "43614.40",
        "q": "0.020",
        "m": true
    },
    {
        "a": "1972023436",
        "E": "2024-01-05T10:59:04.115Z",
        "p": "43614.30",
        "q": "0.040",
        "m": true
    },
    {
        "a": "1972023437",
        "E": "2024-01-05T10:59:04.115Z",
        "p": "43614.20",
        "q": "0.020",
        "m": true
    },
    {
        "a": "1972023438",
        "E": "2024-01-05T10:59:04.170Z",
        "p": "43614.10",
        "q": "0.040",
        "m": true
    },
    {
        "a": "1972023439",
        "E": "2024-01-05T10:59:04.178Z",
        "p": "43614.10",
        "q": "0.045",
        "m": false
    },
    {
        "a": "1972023440",
        "E": "2024-01-05T10:59:04.255Z",
        "p": "43614.00",
        "q": "1.262",
        "m": true
    },
    {
        "a": "1972023441",
        "E": "2024-01-05T10:59:04.255Z",
        "p": "43613.90",
        "q": "0.026",
        "m": true
    },
    {
        "a": "1972023442",
        "E": "2024-01-05T10:59:04.255Z",
        "p": "43613.70",
        "q": "0.020",
        "m": true
    },
    {
        "a": "1972023443",
        "E": "2024-01-05T10:59:04.255Z",
        "p": "43613.60",
        "q": "0.034",
        "m": true
    },
    {
        "a": "1972023444",
        "E": "2024-01-05T10:59:04.290Z",
        "p": "43613.50",
        "q": "0.028",
        "m": true
    },
    {
        "a": "1972023445",
        "E": "2024-01-05T10:59:04.303Z",
        "p": "43613.60",
        "q": "0.056",
        "m": false
    },
    {
        "a": "1972023446",
        "E": "2024-01-05T10:59:04.303Z",
        "p": "43613.50",
        "q": "0.012",
        "m": true
    },
    {
        "a": "1972023447",
        "E": "2024-01-05T10:59:04.303Z",
        "p": "43613.40",
        "q": "0.020",
        "m": true
    },
    {
        "a": "1972023448",
        "E": "2024-01-05T10:59:04.375Z",
        "p": "43613.00",
        "q": "0.002",
        "m": true
    },
    {
        "a": "1972023449",
        "E": "2024-01-05T10:59:04.386Z",
        "p": "43613.10",
        "q": "0.222",
        "m": false
    },
    {
        "a": "1972023450",
        "E": "2024-01-05T10:59:04.390Z",
        "p": "43613.00",
        "q": "0.003",
        "m": true
    },
    {
        "a": "1972023451",
        "E": "2024-01-05T10:59:04.419Z",
        "p": "43613.10",
        "q": "0.109",
        "m": false
    },
    {
        "a": "1972023452",
        "E": "2024-01-05T10:59:04.421Z",
        "p": "43613.00",
        "q": "0.207",
        "m": true
    },
    {
        "a": "1972023453",
        "E": "2024-01-05T10:59:04.544Z",
        "p": "43613.10",
        "q": "0.528",
        "m": false
    },
    {
        "a": "1972023454",
        "E": "2024-01-05T10:59:04.549Z",
        "p": "43613.10",
        "q": "0.100",
        "m": false
    },
    {
        "a": "1972023455",
        "E": "2024-01-05T10:59:04.581Z",
        "p": "43613.00",
        "q": "0.073",
        "m": true
    },
    {
        "a": "1972023456",
        "E": "2024-01-05T10:59:04.637Z",
        "p": "43613.10",
        "q": "0.284",
        "m": false
    },
    {
        "a": "1972023457",
        "E": "2024-01-05T10:59:04.637Z",
        "p": "43613.00",
        "q": "0.089",
        "m": true
    },
    {
        "a": "1972023458",
        "E": "2024-01-05T10:59:04.637Z",
        "p": "43612.90",
        "q": "0.014",
        "m": true
    },
    {
        "a": "1972023459",
        "E": "2024-01-05T10:59:04.637Z",
        "p": "43612.80",
        "q": "0.020",
        "m": true
    },
    {
        "a": "1972023460",
        "E": "2024-01-05T10:59:04.671Z",
        "p": "43612.60",
        "q": "0.062",
        "m": true
    },
    {
        "a": "1972023461",
        "E": "2024-01-05T10:59:04.671Z",
        "p": "43612.50",
        "q": "0.010",
        "m": true
    },
    {
        "a": "1972023462",
        "E": "2024-01-05T10:59:04.693Z",
        "p": "43612.30",
        "q": "0.003",
        "m": true
    },
    {
        "a": "1972023463",
        "E": "2024-01-05T10:59:04.699Z",
        "p": "43612.40",
        "q": "0.009",
        "m": false
    },
    {
        "a": "1972023464",
        "E": "2024-01-05T10:59:04.756Z",
        "p": "43612.30",
        "q": "0.045",
        "m": true
    },
    {
        "a": "1972023465",
        "E": "2024-01-05T10:59:04.828Z",
        "p": "43612.40",
        "q": "2.400",
        "m": false
    },
    {
        "a": "1972023466",
        "E": "2024-01-05T10:59:04.860Z",
        "p": "43612.30",
        "q": "0.009",
        "m": true
    },
    {
        "a": "1972023467",
        "E": "2024-01-05T10:59:04.890Z",
        "p": "43612.40",
        "q": "0.291",
        "m": false
    },
    {
        "a": "1972023468",
        "E": "2024-01-05T10:59:04.891Z",
        "p": "43612.60",
        "q": "0.031",
        "m": false
    },
    {
        "a": "1972023469",
        "E": "2024-01-05T10:59:04.896Z",
        "p": "43612.50",
        "q": "0.010",
        "m": true
    },
    {
        "a": "1972023470",
        "E": "2024-01-05T10:59:04.897Z",
        "p": "43612.60",
        "q": "0.101",
        "m": false
    },
    {
        "a": "1972023471",
        "E": "2024-01-05T10:59:04.956Z",
        "p": "43612.50",
        "q": "0.826",
        "m": true
    },
    {
        "a": "1972023472",
        "E": "2024-01-05T10:59:05.069Z",
        "p": "43612.60",
        "q": "0.474",
        "m": false
    },
    {
        "a": "1972023473",
        "E": "2024-01-05T10:59:05.107Z",
        "p": "43612.50",
        "q": "0.006",
        "m": true
    },
    {
        "a": "1972023474",
        "E": "2024-01-05T10:59:05.115Z",
        "p": "43612.60",
        "q": "0.441",
        "m": false
    },
    {
        "a": "1972023475",
        "E": "2024-01-05T10:59:05.115Z",
        "p": "43612.50",
        "q": "1.365",
        "m": true
    },
    {
        "a": "1972023476",
        "E": "2024-01-05T10:59:05.115Z",
        "p": "43612.40",
        "q": "0.088",
        "m": true
    },
    {
        "a": "1972023477",
        "E": "2024-01-05T10:59:05.115Z",
        "p": "43612.30",
        "q": "0.008",
        "m": true
    },
    {
        "a": "1972023478",
        "E": "2024-01-05T10:59:05.115Z",
        "p": "43612.20",
        "q": "0.020",
        "m": true
    },
    {
        "a": "1972023479",
        "E": "2024-01-05T10:59:05.115Z",
        "p": "43612.00",
        "q": "0.040",
        "m": true
    },
    {
        "a": "1972023480",
        "E": "2024-01-05T10:59:05.115Z",
        "p": "43611.90",
        "q": "0.020",
        "m": true
    },
    {
        "a": "1972023481",
        "E": "2024-01-05T10:59:05.115Z",
        "p": "43611.50",
        "q": "0.118",
        "m": true
    },
    {
        "a": "1972023482",
        "E": "2024-01-05T10:59:05.115Z",
        "p": "43611.30",
        "q": "0.020",
        "m": true
    },
    {
        "a": "1972023483",
        "E": "2024-01-05T10:59:05.115Z",
        "p": "43611.20",
        "q": "0.020",
        "m": true
    },
    {
        "a": "1972023484",
        "E": "2024-01-05T10:59:05.115Z",
        "p": "43611.00",
        "q": "0.060",
        "m": true
    },
    {
        "a": "1972023485",
        "E": "2024-01-05T10:59:05.115Z",
        "p": "43610.70",
        "q": "0.020",
        "m": true
    },
    {
        "a": "1972023486",
        "E": "2024-01-05T10:59:05.115Z",
        "p": "43610.50",
        "q": "0.583",
        "m": true
    },
    {
        "a": "1972023487",
        "E": "2024-01-05T10:59:05.115Z",
        "p": "43610.40",
        "q": "0.003",
        "m": true
    },
    {
        "a": "1972023488",
        "E": "2024-01-05T10:59:05.116Z",
        "p": "43610.10",
        "q": "0.795",
        "m": true
    },
    {
        "a": "1972023489",
        "E": "2024-01-05T10:59:05.116Z",
        "p": "43610.00",
        "q": "0.069",
        "m": true
    },
    {
        "a": "1972023490",
        "E": "2024-01-05T10:59:05.116Z",
        "p": "43609.90",
        "q": "0.040",
        "m": true
    },
    {
        "a": "1972023491",
        "E": "2024-01-05T10:59:05.116Z",
        "p": "43609.80",
        "q": "0.020",
        "m": true
    },
    {
        "a": "1972023492",
        "E": "2024-01-05T10:59:05.116Z",
        "p": "43609.70",
        "q": "0.053",
        "m": true
    },
    {
        "a": "1972023493",
        "E": "2024-01-05T10:59:05.116Z",
        "p": "43609.60",
        "q": "0.260",
        "m": true
    },
    {
        "a": "1972023494",
        "E": "2024-01-05T10:59:05.116Z",
        "p": "43609.50",
        "q": "0.010",
        "m": true
    },
    {
        "a": "1972023495",
        "E": "2024-01-05T10:59:05.116Z",
        "p": "43609.40",
        "q": "0.096",
        "m": true
    },
    {
        "a": "1972023496",
        "E": "2024-01-05T10:59:05.116Z",
        "p": "43609.30",
        "q": "0.008",
        "m": true
    },
    {
        "a": "1972023497",
        "E": "2024-01-05T10:59:05.116Z",
        "p": "43609.10",
        "q": "0.060",
        "m": true
    },
    {
        "a": "1972023498",
        "E": "2024-01-05T10:59:05.116Z",
        "p": "43609.00",
        "q": "0.010",
        "m": true
    },
    {
        "a": "1972023499",
        "E": "2024-01-05T10:59:05.116Z",
        "p": "43608.80",
        "q": "0.003",
        "m": true
    },
    {
        "a": "1972023500",
        "E": "2024-01-05T10:59:05.116Z",
        "p": "43608.60",
        "q": "0.003",
        "m": true
    },
    {
        "a": "1972023501",
        "E": "2024-01-05T10:59:05.116Z",
        "p": "43608.50",
        "q": "0.033",
        "m": true
    },
    {
        "a": "1972023502",
        "E": "2024-01-05T10:59:05.116Z",
        "p": "43608.40",
        "q": "0.160",
        "m": true
    },
    {
        "a": "1972023503",
        "E": "2024-01-05T10:59:05.116Z",
        "p": "43608.20",
        "q": "0.020",
        "m": true
    },
    {
        "a": "1972023504",
        "E": "2024-01-05T10:59:05.116Z",
        "p": "43608.00",
        "q": "0.013",
        "m": true
    },
    {
        "a": "1972023505",
        "E": "2024-01-05T10:59:05.116Z",
        "p": "43607.90",
        "q": "0.020",
        "m": true
    },
    {
        "a": "1972023506",
        "E": "2024-01-05T10:59:05.116Z",
        "p": "43607.80",
        "q": "0.009",
        "m": true
    },
    {
        "a": "1972023507",
        "E": "2024-01-05T10:59:05.116Z",
        "p": "43607.60",
        "q": "0.040",
        "m": true
    },
    {
        "a": "1972023177",
        "E": "2024-01-05T10:59:00.025Z",
        "p": "43652.70",
        "q": "0.008",
        "m": false
    },
    {
        "a": "1972023178",
        "E": "2024-01-05T10:59:00.026Z",
        "p": "43652.60",
        "q": "2.723",
        "m": true
    },
    {
        "a": "1972023179",
        "E": "2024-01-05T10:59:00.026Z",
        "p": "43652.50",
        "q": "0.003",
        "m": true
    },
    {
        "a": "1972023180",
        "E": "2024-01-05T10:59:00.035Z",
        "p": "43652.30",
        "q": "0.029",
        "m": true
    },
    {
        "a": "1972023181",
        "E": "2024-01-05T10:59:00.039Z",
        "p": "43652.20",
        "q": "0.081",
        "m": true
    },
    {
        "a": "1972023182",
        "E": "2024-01-05T10:59:00.039Z",
        "p": "43650.10",
        "q": "0.572",
        "m": true
    },
    {
        "a": "1972023183",
        "E": "2024-01-05T10:59:00.081Z",
        "p": "43649.90",
        "q": "0.103",
        "m": true
    },
    {
        "a": "1972023184",
        "E": "2024-01-05T10:59:00.115Z",
        "p": "43650.00",
        "q": "0.540",
        "m": false
    },
    {
        "a": "1972023185",
        "E": "2024-01-05T10:59:00.115Z",
        "p": "43649.90",
        "q": "0.017",
        "m": true
    },
    {
        "a": "1972023186",
        "E": "2024-01-05T10:59:00.115Z",
        "p": "43649.60",
        "q": "0.022",
        "m": true
    },
    {
        "a": "1972023508",
        "E": "2024-01-05T10:59:05.116Z",
        "p": "43607.50",
        "q": "0.013",
        "m": true
    },
    {
        "a": "1972023509",
        "E": "2024-01-05T10:59:05.116Z",
        "p": "43607.40",
        "q": "0.003",
        "m": true
    },
    {
        "a": "1972023510",
        "E": "2024-01-05T10:59:05.116Z",
        "p": "43607.10",
        "q": "0.272",
        "m": true
    },
    {
        "a": "1972023511",
        "E": "2024-01-05T10:59:05.117Z",
        "p": "43607.00",
        "q": "0.036",
        "m": true
    },
    {
        "a": "1972023512",
        "E": "2024-01-05T10:59:05.117Z",
        "p": "43606.90",
        "q": "0.024",
        "m": true
    },
    {
        "a": "1972023513",
        "E": "2024-01-05T10:59:05.117Z",
        "p": "43606.70",
        "q": "0.020",
        "m": true
    },
    {
        "a": "1972023514",
        "E": "2024-01-05T10:59:05.140Z",
        "p": "43606.50",
        "q": "0.132",
        "m": true
    },
    {
        "a": "1972023515",
        "E": "2024-01-05T10:59:05.144Z",
        "p": "43609.40",
        "q": "0.253",
        "m": true
    },
    {
        "a": "1972023516",
        "E": "2024-01-05T10:59:05.273Z",
        "p": "43609.50",
        "q": "0.100",
        "m": false
    },
    {
        "a": "1972023517",
        "E": "2024-01-05T10:59:05.383Z",
        "p": "43609.50",
        "q": "1.253",
        "m": false
    },
    {
        "a": "1972023518",
        "E": "2024-01-05T10:59:05.509Z",
        "p": "43609.50",
        "q": "0.047",
        "m": false
    },
    {
        "a": "1972023519",
        "E": "2024-01-05T10:59:05.509Z",
        "p": "43609.40",
        "q": "0.068",
        "m": true
    },
    {
        "a": "1972023520",
        "E": "2024-01-05T10:59:05.510Z",
        "p": "43609.30",
        "q": "0.003",
        "m": true
    },
    {
        "a": "1972023521",
        "E": "2024-01-05T10:59:05.523Z",
        "p": "43609.20",
        "q": "0.020",
        "m": true
    },
    {
        "a": "1972023522",
        "E": "2024-01-05T10:59:05.523Z",
        "p": "43608.60",
        "q": "0.263",
        "m": false
    },
    {
        "a": "1972023523",
        "E": "2024-01-05T10:59:05.530Z",
        "p": "43608.50",
        "q": "0.003",
        "m": true
    },
    {
        "a": "1972023524",
        "E": "2024-01-05T10:59:05.540Z",
        "p": "43608.00",
        "q": "0.010",
        "m": true
    },
    {
        "a": "1972023525",
        "E": "2024-01-05T10:59:05.591Z",
        "p": "43607.60",
        "q": "3.888",
        "m": false
    },
    {
        "a": "1972023526",
        "E": "2024-01-05T10:59:05.591Z",
        "p": "43606.60",
        "q": "0.003",
        "m": false
    },
    {
        "a": "1972023527",
        "E": "2024-01-05T10:59:05.591Z",
        "p": "43606.50",
        "q": "0.006",
        "m": true
    },
    {
        "a": "1972023528",
        "E": "2024-01-05T10:59:05.630Z",
        "p": "43606.60",
        "q": "0.015",
        "m": false
    },
    {
        "a": "1972023529",
        "E": "2024-01-05T10:59:05.631Z",
        "p": "43606.40",
        "q": "0.003",
        "m": false
    },
    {
        "a": "1972023530",
        "E": "2024-01-05T10:59:05.631Z",
        "p": "43606.30",
        "q": "0.003",
        "m": true
    },
    {
        "a": "1972023531",
        "E": "2024-01-05T10:59:05.653Z",
        "p": "43606.40",
        "q": "0.181",
        "m": false
    },
    {
        "a": "1972023532",
        "E": "2024-01-05T10:59:05.670Z",
        "p": "43606.30",
        "q": "0.017",
        "m": true
    },
    {
        "a": "1972023533",
        "E": "2024-01-05T10:59:05.703Z",
        "p": "43606.30",
        "q": "0.688",
        "m": false
    },
    {
        "a": "1972023534",
        "E": "2024-01-05T10:59:05.707Z",
        "p": "43606.20",
        "q": "0.006",
        "m": true
    },
    {
        "a": "1972023535",
        "E": "2024-01-05T10:59:05.748Z",
        "p": "43606.30",
        "q": "0.113",
        "m": false
    },
    {
        "a": "1972023536",
        "E": "2024-01-05T10:59:05.816Z",
        "p": "43606.20",
        "q": "0.084",
        "m": true
    },
    {
        "a": "1972023537",
        "E": "2024-01-05T10:59:05.816Z",
        "p": "43606.10",
        "q": "0.024",
        "m": true
    },
    {
        "a": "1972023538",
        "E": "2024-01-05T10:59:05.816Z",
        "p": "43606.00",
        "q": "0.010",
        "m": true
    },
    {
        "a": "1972023539",
        "E": "2024-01-05T10:59:05.816Z",
        "p": "43605.60",
        "q": "0.040",
        "m": true
    },
    {
        "a": "1972023540",
        "E": "2024-01-05T10:59:05.816Z",
        "p": "43605.50",
        "q": "0.052",
        "m": true
    },
    {
        "a": "1972023541",
        "E": "2024-01-05T10:59:05.816Z",
        "p": "43605.40",
        "q": "0.020",
        "m": true
    },
    {
        "a": "1972023542",
        "E": "2024-01-05T10:59:05.816Z",
        "p": "43605.30",
        "q": "0.040",
        "m": true
    },
    {
        "a": "1972023543",
        "E": "2024-01-05T10:59:05.816Z",
        "p": "43605.20",
        "q": "0.020",
        "m": true
    },
    {
        "a": "1972023544",
        "E": "2024-01-05T10:59:05.816Z",
        "p": "43605.10",
        "q": "0.003",
        "m": true
    },
    {
        "a": "1972023545",
        "E": "2024-01-05T10:59:05.816Z",
        "p": "43605.00",
        "q": "0.030",
        "m": true
    },
    {
        "a": "1972023546",
        "E": "2024-01-05T10:59:05.816Z",
        "p": "43604.90",
        "q": "0.282",
        "m": true
    },
    {
        "a": "1972023547",
        "E": "2024-01-05T10:59:05.816Z",
        "p": "43604.80",
        "q": "0.040",
        "m": true
    },
    {
        "a": "1972023548",
        "E": "2024-01-05T10:59:05.816Z",
        "p": "43604.70",
        "q": "0.020",
        "m": true
    },
    {
        "a": "1972023549",
        "E": "2024-01-05T10:59:05.816Z",
        "p": "43604.60",
        "q": "0.020",
        "m": true
    },
    {
        "a": "1972023550",
        "E": "2024-01-05T10:59:05.816Z",
        "p": "43604.50",
        "q": "0.026",
        "m": true
    },
    {
        "a": "1972023551",
        "E": "2024-01-05T10:59:05.816Z",
        "p": "43604.40",
        "q": "0.313",
        "m": true
    },
    {
        "a": "1972023552",
        "E": "2024-01-05T10:59:05.816Z",
        "p": "43604.10",
        "q": "0.593",
        "m": true
    },
    {
        "a": "1972023553",
        "E": "2024-01-05T10:59:05.816Z",
        "p": "43604.00",
        "q": "0.010",
        "m": true
    },
    {
        "a": "1972023554",
        "E": "2024-01-05T10:59:05.816Z",
        "p": "43603.80",
        "q": "0.029",
        "m": true
    },
    {
        "a": "1972023555",
        "E": "2024-01-05T10:59:05.816Z",
        "p": "43603.60",
        "q": "0.020",
        "m": true
    },
    {
        "a": "1972023556",
        "E": "2024-01-05T10:59:05.816Z",
        "p": "43603.50",
        "q": "0.010",
        "m": true
    },
    {
        "a": "1972023557",
        "E": "2024-01-05T10:59:05.816Z",
        "p": "43603.40",
        "q": "0.008",
        "m": true
    },
    {
        "a": "1972023558",
        "E": "2024-01-05T10:59:05.816Z",
        "p": "43603.30",
        "q": "0.020",
        "m": true
    },
    {
        "a": "1972023559",
        "E": "2024-01-05T10:59:05.817Z",
        "p": "43603.00",
        "q": "0.010",
        "m": true
    },
    {
        "a": "1972023560",
        "E": "2024-01-05T10:59:05.817Z",
        "p": "43602.80",
        "q": "0.023",
        "m": true
    },
    {
        "a": "1972023561",
        "E": "2024-01-05T10:59:05.817Z",
        "p": "43602.70",
        "q": "0.260",
        "m": true
    },
    {
        "a": "1972023562",
        "E": "2024-01-05T10:59:05.853Z",
        "p": "43602.60",
        "q": "0.170",
        "m": true
    },
    {
        "a": "1972023563",
        "E": "2024-01-05T10:59:05.871Z",
        "p": "43602.60",
        "q": "0.007",
        "m": false
    },
    {
        "a": "1972023564",
        "E": "2024-01-05T10:59:05.871Z",
        "p": "43602.50",
        "q": "0.020",
        "m": true
    },
    {
        "a": "1972023565",
        "E": "2024-01-05T10:59:05.871Z",
        "p": "43602.30",
        "q": "0.040",
        "m": true
    },
    {
        "a": "1972023566",
        "E": "2024-01-05T10:59:05.872Z",
        "p": "43602.10",
        "q": "0.650",
        "m": true
    },
    {
        "a": "1972023567",
        "E": "2024-01-05T10:59:05.872Z",
        "p": "43602.00",
        "q": "0.040",
        "m": true
    },
    {
        "a": "1972023568",
        "E": "2024-01-05T10:59:05.872Z",
        "p": "43601.90",
        "q": "0.226",
        "m": true
    },
    {
        "a": "1972023569",
        "E": "2024-01-05T10:59:05.872Z",
        "p": "43601.80",
        "q": "0.020",
        "m": true
    },
    {
        "a": "1972023570",
        "E": "2024-01-05T10:59:05.965Z",
        "p": "43601.70",
        "q": "0.105",
        "m": true
    },
    {
        "a": "1972023571",
        "E": "2024-01-05T10:59:06.003Z",
        "p": "43601.80",
        "q": "0.001",
        "m": false
    },
    {
        "a": "1972023572",
        "E": "2024-01-05T10:59:06.129Z",
        "p": "43601.70",
        "q": "0.033",
        "m": true
    },
    {
        "a": "1972023573",
        "E": "2024-01-05T10:59:06.129Z",
        "p": "43601.30",
        "q": "0.005",
        "m": false
    },
    {
        "a": "1972023574",
        "E": "2024-01-05T10:59:06.147Z",
        "p": "43601.20",
        "q": "0.277",
        "m": true
    },
    {
        "a": "1972023575",
        "E": "2024-01-05T10:59:06.175Z",
        "p": "43601.30",
        "q": "0.004",
        "m": false
    },
    {
        "a": "1972023576",
        "E": "2024-01-05T10:59:06.203Z",
        "p": "43601.20",
        "q": "0.016",
        "m": true
    },
    {
        "a": "1972023577",
        "E": "2024-01-05T10:59:06.203Z",
        "p": "43601.10",
        "q": "0.020",
        "m": true
    },
    {
        "a": "1972023578",
        "E": "2024-01-05T10:59:06.203Z",
        "p": "43601.00",
        "q": "0.020",
        "m": true
    },
    {
        "a": "1972023579",
        "E": "2024-01-05T10:59:06.203Z",
        "p": "43600.90",
        "q": "0.020",
        "m": true
    },
    {
        "a": "1972023580",
        "E": "2024-01-05T10:59:06.203Z",
        "p": "43600.80",
        "q": "0.006",
        "m": true
    },
    {
        "a": "1972023581",
        "E": "2024-01-05T10:59:06.203Z",
        "p": "43600.70",
        "q": "0.020",
        "m": true
    },
    {
        "a": "1972023582",
        "E": "2024-01-05T10:59:06.203Z",
        "p": "43600.50",
        "q": "0.010",
        "m": true
    },
    {
        "a": "1972023583",
        "E": "2024-01-05T10:59:06.203Z",
        "p": "43600.40",
        "q": "0.060",
        "m": true
    },
    {
        "a": "1972023584",
        "E": "2024-01-05T10:59:06.203Z",
        "p": "43600.30",
        "q": "0.046",
        "m": true
    },
    {
        "a": "1972023585",
        "E": "2024-01-05T10:59:06.203Z",
        "p": "43600.20",
        "q": "0.020",
        "m": true
    },
    {
        "a": "1972023586",
        "E": "2024-01-05T10:59:06.203Z",
        "p": "43600.10",
        "q": "0.045",
        "m": true
    },
    {
        "a": "1972023587",
        "E": "2024-01-05T10:59:06.206Z",
        "p": "43600.00",
        "q": "6.048",
        "m": true
    },
    {
        "a": "1972023588",
        "E": "2024-01-05T10:59:06.206Z",
        "p": "43599.80",
        "q": "0.013",
        "m": true
    },
    {
        "a": "1972023589",
        "E": "2024-01-05T10:59:06.206Z",
        "p": "43599.70",
        "q": "0.020",
        "m": true
    },
    {
        "a": "1972023590",
        "E": "2024-01-05T10:59:06.206Z",
        "p": "43599.50",
        "q": "0.020",
        "m": true
    },
    {
        "a": "1972023591",
        "E": "2024-01-05T10:59:06.207Z",
        "p": "43599.30",
        "q": "0.020",
        "m": true
    },
    {
        "a": "1972023592",
        "E": "2024-01-05T10:59:06.207Z",
        "p": "43599.20",
        "q": "0.020",
        "m": true
    },
    {
        "a": "1972023593",
        "E": "2024-01-05T10:59:06.207Z",
        "p": "43599.00",
        "q": "0.010",
        "m": true
    },
    {
        "a": "1972023594",
        "E": "2024-01-05T10:59:06.207Z",
        "p": "43598.90",
        "q": "0.020",
        "m": true
    },
    {
        "a": "1972023595",
        "E": "2024-01-05T10:59:06.207Z",
        "p": "43598.80",
        "q": "0.004",
        "m": true
    },
    {
        "a": "1972023596",
        "E": "2024-01-05T10:59:06.207Z",
        "p": "43598.40",
        "q": "0.020",
        "m": true
    },
    {
        "a": "1972023597",
        "E": "2024-01-05T10:59:06.207Z",
        "p": "43598.30",
        "q": "0.020",
        "m": true
    },
    {
        "a": "1972023598",
        "E": "2024-01-05T10:59:06.207Z",
        "p": "43598.10",
        "q": "0.040",
        "m": true
    },
    {
        "a": "1972023599",
        "E": "2024-01-05T10:59:06.207Z",
        "p": "43598.00",
        "q": "0.070",
        "m": true
    },
    {
        "a": "1972023600",
        "E": "2024-01-05T10:59:06.207Z",
        "p": "43597.90",
        "q": "0.020",
        "m": true
    },
    {
        "a": "1972023601",
        "E": "2024-01-05T10:59:06.217Z",
        "p": "43597.60",
        "q": "0.499",
        "m": true
    },
    {
        "a": "1972023602",
        "E": "2024-01-05T10:59:06.217Z",
        "p": "43598.50",
        "q": "0.010",
        "m": true
    },
    {
        "a": "1972023603",
        "E": "2024-01-05T10:59:06.217Z",
        "p": "43598.20",
        "q": "0.194",
        "m": true
    },
    {
        "a": "1972023604",
        "E": "2024-01-05T10:59:06.217Z",
        "p": "43597.50",
        "q": "0.013",
        "m": true
    },
    {
        "a": "1972023605",
        "E": "2024-01-05T10:59:06.217Z",
        "p": "43597.40",
        "q": "0.033",
        "m": true
    },
    {
        "a": "1972023606",
        "E": "2024-01-05T10:59:06.218Z",
        "p": "43597.00",
        "q": "0.043",
        "m": true
    },
    {
        "a": "1972023607",
        "E": "2024-01-05T10:59:06.218Z",
        "p": "43596.80",
        "q": "0.040",
        "m": true
    },
    {
        "a": "1972023608",
        "E": "2024-01-05T10:59:06.218Z",
        "p": "43596.70",
        "q": "0.020",
        "m": true
    },
    {
        "a": "1972023609",
        "E": "2024-01-05T10:59:06.218Z",
        "p": "43596.60",
        "q": "0.060",
        "m": true
    },
    {
        "a": "1972023610",
        "E": "2024-01-05T10:59:06.218Z",
        "p": "43596.50",
        "q": "0.033",
        "m": true
    },
    {
        "a": "1972023611",
        "E": "2024-01-05T10:59:06.218Z",
        "p": "43596.30",
        "q": "0.023",
        "m": true
    },
    {
        "a": "1972023612",
        "E": "2024-01-05T10:59:06.218Z",
        "p": "43596.20",
        "q": "0.003",
        "m": true
    },
    {
        "a": "1972023613",
        "E": "2024-01-05T10:59:06.233Z",
        "p": "43596.10",
        "q": "0.178",
        "m": true
    },
    {
        "a": "1972023614",
        "E": "2024-01-05T10:59:06.233Z",
        "p": "43597.30",
        "q": "0.003",
        "m": true
    },
    {
        "a": "1972023615",
        "E": "2024-01-05T10:59:06.276Z",
        "p": "43596.10",
        "q": "0.008",
        "m": true
    },
    {
        "a": "1972023616",
        "E": "2024-01-05T10:59:06.287Z",
        "p": "43596.20",
        "q": "0.380",
        "m": false
    },
    {
        "a": "1972023617",
        "E": "2024-01-05T10:59:06.304Z",
        "p": "43596.10",
        "q": "0.053",
        "m": true
    },
    {
        "a": "1972023618",
        "E": "2024-01-05T10:59:06.317Z",
        "p": "43596.00",
        "q": "0.126",
        "m": true
    },
    {
        "a": "1972023619",
        "E": "2024-01-05T10:59:06.317Z",
        "p": "43595.90",
        "q": "0.023",
        "m": true
    },
    {
        "a": "1972023620",
        "E": "2024-01-05T10:59:06.317Z",
        "p": "43595.80",
        "q": "0.040",
        "m": true
    },
    {
        "a": "1972023621",
        "E": "2024-01-05T10:59:06.317Z",
        "p": "43595.70",
        "q": "0.004",
        "m": true
    },
    {
        "a": "1972023622",
        "E": "2024-01-05T10:59:06.317Z",
        "p": "43595.60",
        "q": "0.039",
        "m": true
    },
    {
        "a": "1972023623",
        "E": "2024-01-05T10:59:06.317Z",
        "p": "43595.50",
        "q": "0.016",
        "m": true
    },
    {
        "a": "1972023624",
        "E": "2024-01-05T10:59:06.317Z",
        "p": "43595.40",
        "q": "0.020",
        "m": true
    },
    {
        "a": "1972023625",
        "E": "2024-01-05T10:59:06.317Z",
        "p": "43595.30",
        "q": "0.125",
        "m": true
    },
    {
        "a": "1972023626",
        "E": "2024-01-05T10:59:06.327Z",
        "p": "43595.10",
        "q": "0.023",
        "m": true
    },
    {
        "a": "1972023627",
        "E": "2024-01-05T10:59:06.327Z",
        "p": "43595.00",
        "q": "0.040",
        "m": true
    },
    {
        "a": "1972023628",
        "E": "2024-01-05T10:59:06.327Z",
        "p": "43594.90",
        "q": "0.006",
        "m": true
    },
    {
        "a": "1972023629",
        "E": "2024-01-05T10:59:06.394Z",
        "p": "43594.80",
        "q": "0.020",
        "m": true
    },
    {
        "a": "1972023630",
        "E": "2024-01-05T10:59:06.394Z",
        "p": "43594.60",
        "q": "0.034",
        "m": true
    },
    {
        "a": "1972023631",
        "E": "2024-01-05T10:59:06.394Z",
        "p": "43594.20",
        "q": "0.134",
        "m": true
    },
    {
        "a": "1972023632",
        "E": "2024-01-05T10:59:06.394Z",
        "p": "43594.00",
        "q": "0.192",
        "m": true
    },
    {
        "a": "1972023633",
        "E": "2024-01-05T10:59:06.394Z",
        "p": "43593.90",
        "q": "0.020",
        "m": true
    },
    {
        "a": "1972023634",
        "E": "2024-01-05T10:59:06.394Z",
        "p": "43593.80",
        "q": "0.040",
        "m": true
    },
    {
        "a": "1972023635",
        "E": "2024-01-05T10:59:06.394Z",
        "p": "43593.60",
        "q": "0.020",
        "m": true
    },
    {
        "a": "1972023636",
        "E": "2024-01-05T10:59:06.411Z",
        "p": "43593.50",
        "q": "0.010",
        "m": true
    },
    {
        "a": "1972023637",
        "E": "2024-01-05T10:59:06.447Z",
        "p": "43594.90",
        "q": "0.018",
        "m": false
    },
    {
        "a": "1972023638",
        "E": "2024-01-05T10:59:06.447Z",
        "p": "43593.40",
        "q": "0.004",
        "m": true
    },
    {
        "a": "1972023639",
        "E": "2024-01-05T10:59:06.461Z",
        "p": "43593.30",
        "q": "0.036",
        "m": true
    },
    {
        "a": "1972023640",
        "E": "2024-01-05T10:59:06.479Z",
        "p": "43594.90",
        "q": "0.015",
        "m": false
    },
    {
        "a": "1972023641",
        "E": "2024-01-05T10:59:06.487Z",
        "p": "43594.10",
        "q": "0.158",
        "m": true
    },
    {
        "a": "1972023642",
        "E": "2024-01-05T10:59:06.491Z",
        "p": "43593.30",
        "q": "0.193",
        "m": true
    },
    {
        "a": "1972023643",
        "E": "2024-01-05T10:59:06.491Z",
        "p": "43593.20",
        "q": "0.049",
        "m": true
    },
    {
        "a": "1972023644",
        "E": "2024-01-05T10:59:06.491Z",
        "p": "43593.10",
        "q": "0.020",
        "m": true
    },
    {
        "a": "1972023645",
        "E": "2024-01-05T10:59:06.504Z",
        "p": "43593.00",
        "q": "0.013",
        "m": true
    },
    {
        "a": "1972023646",
        "E": "2024-01-05T10:59:06.504Z",
        "p": "43592.60",
        "q": "0.003",
        "m": true
    },
    {
        "a": "1972023647",
        "E": "2024-01-05T10:59:06.531Z",
        "p": "43592.50",
        "q": "0.005",
        "m": true
    },
    {
        "a": "1972023648",
        "E": "2024-01-05T10:59:06.675Z",
        "p": "43592.60",
        "q": "0.006",
        "m": true
    },
    {
        "a": "1972023649",
        "E": "2024-01-05T10:59:06.691Z",
        "p": "43592.60",
        "q": "0.017",
        "m": true
    },
    {
        "a": "1972023650",
        "E": "2024-01-05T10:59:06.735Z",
        "p": "43592.60",
        "q": "0.030",
        "m": false
    },
    {
        "a": "1972023651",
        "E": "2024-01-05T10:59:06.735Z",
        "p": "43592.50",
        "q": "0.055",
        "m": true
    },
    {
        "a": "1972023652",
        "E": "2024-01-05T10:59:06.735Z",
        "p": "43592.20",
        "q": "0.003",
        "m": true
    },
    {
        "a": "1972023653",
        "E": "2024-01-05T10:59:06.735Z",
        "p": "43592.00",
        "q": "0.213",
        "m": true
    },
    {
        "a": "1972023654",
        "E": "2024-01-05T10:59:06.735Z",
        "p": "43591.90",
        "q": "0.043",
        "m": true
    },
    {
        "a": "1972023655",
        "E": "2024-01-05T10:59:06.735Z",
        "p": "43591.80",
        "q": "0.020",
        "m": true
    },
    {
        "a": "1972023656",
        "E": "2024-01-05T10:59:06.735Z",
        "p": "43591.70",
        "q": "0.075",
        "m": true
    },
    {
        "a": "1972023657",
        "E": "2024-01-05T10:59:06.735Z",
        "p": "43591.60",
        "q": "0.020",
        "m": true
    },
    {
        "a": "1972023658",
        "E": "2024-01-05T10:59:06.735Z",
        "p": "43591.50",
        "q": "0.050",
        "m": true
    },
    {
        "a": "1972023659",
        "E": "2024-01-05T10:59:06.735Z",
        "p": "43591.40",
        "q": "0.058",
        "m": true
    },
    {
        "a": "1972023660",
        "E": "2024-01-05T10:59:06.735Z",
        "p": "43591.30",
        "q": "0.040",
        "m": true
    },
    {
        "a": "1972023661",
        "E": "2024-01-05T10:59:06.735Z",
        "p": "43591.20",
        "q": "0.030",
        "m": true
    },
    {
        "a": "1972023662",
        "E": "2024-01-05T10:59:06.735Z",
        "p": "43591.00",
        "q": "0.030",
        "m": true
    },
    {
        "a": "1972023663",
        "E": "2024-01-05T10:59:06.735Z",
        "p": "43590.90",
        "q": "0.003",
        "m": true
    },
    {
        "a": "1972023664",
        "E": "2024-01-05T10:59:06.735Z",
        "p": "43590.80",
        "q": "0.023",
        "m": true
    },
    {
        "a": "1972023665",
        "E": "2024-01-05T10:59:06.735Z",
        "p": "43590.60",
        "q": "0.020",
        "m": true
    },
    {
        "a": "1972023666",
        "E": "2024-01-05T10:59:06.735Z",
        "p": "43590.50",
        "q": "0.030",
        "m": true
    },
    {
        "a": "1972023667",
        "E": "2024-01-05T10:59:06.735Z",
        "p": "43590.40",
        "q": "0.052",
        "m": true
    },
    {
        "a": "1972023668",
        "E": "2024-01-05T10:59:06.735Z",
        "p": "43590.20",
        "q": "0.025",
        "m": true
    },
    {
        "a": "1972023669",
        "E": "2024-01-05T10:59:06.735Z",
        "p": "43589.90",
        "q": "0.030",
        "m": true
    },
    {
        "a": "1972023670",
        "E": "2024-01-05T10:59:06.735Z",
        "p": "43589.70",
        "q": "0.028",
        "m": true
    },
    {
        "a": "1972023671",
        "E": "2024-01-05T10:59:06.735Z",
        "p": "43589.50",
        "q": "0.020",
        "m": true
    },
    {
        "a": "1972023672",
        "E": "2024-01-05T10:59:06.735Z",
        "p": "43589.40",
        "q": "0.041",
        "m": true
    },
    {
        "a": "1972023673",
        "E": "2024-01-05T10:59:06.735Z",
        "p": "43589.20",
        "q": "0.020",
        "m": true
    },
    {
        "a": "1972023674",
        "E": "2024-01-05T10:59:06.735Z",
        "p": "43589.10",
        "q": "0.077",
        "m": true
    },
    {
        "a": "1972023675",
        "E": "2024-01-05T10:59:06.735Z",
        "p": "43589.00",
        "q": "0.013",
        "m": true
    },
    {
        "a": "1972023676",
        "E": "2024-01-05T10:59:06.735Z",
        "p": "43588.70",
        "q": "0.020",
        "m": true
    },
    {
        "a": "1972023677",
        "E": "2024-01-05T10:59:06.735Z",
        "p": "43588.60",
        "q": "0.003",
        "m": true
    },
    {
        "a": "1972023678",
        "E": "2024-01-05T10:59:06.735Z",
        "p": "43588.50",
        "q": "0.124",
        "m": true
    },
    {
        "a": "1972023679",
        "E": "2024-01-05T10:59:06.735Z",
        "p": "43588.10",
        "q": "0.120",
        "m": true
    },
    {
        "a": "1972023680",
        "E": "2024-01-05T10:59:06.735Z",
        "p": "43588.00",
        "q": "0.013",
        "m": true
    },
    {
        "a": "1972023681",
        "E": "2024-01-05T10:59:06.735Z",
        "p": "43587.60",
        "q": "0.020",
        "m": true
    },
    {
        "a": "1972023682",
        "E": "2024-01-05T10:59:06.735Z",
        "p": "43587.50",
        "q": "0.016",
        "m": true
    },
    {
        "a": "1972023683",
        "E": "2024-01-05T10:59:06.735Z",
        "p": "43587.40",
        "q": "0.043",
        "m": true
    },
    {
        "a": "1972023684",
        "E": "2024-01-05T10:59:06.736Z",
        "p": "43587.30",
        "q": "0.089",
        "m": true
    },
    {
        "a": "1972023685",
        "E": "2024-01-05T10:59:06.785Z",
        "p": "43587.20",
        "q": "2.438",
        "m": true
    },
    {
        "a": "1972023686",
        "E": "2024-01-05T10:59:06.885Z",
        "p": "43591.50",
        "q": "0.062",
        "m": false
    },
    {
        "a": "1972023687",
        "E": "2024-01-05T10:59:06.895Z",
        "p": "43587.40",
        "q": "0.100",
        "m": true
    },
    {
        "a": "1972023688",
        "E": "2024-01-05T10:59:06.923Z",
        "p": "43589.80",
        "q": "0.076",
        "m": false
    },
    {
        "a": "1972023689",
        "E": "2024-01-05T10:59:06.926Z",
        "p": "43587.50",
        "q": "0.003",
        "m": false
    },
    {
        "a": "1972023690",
        "E": "2024-01-05T10:59:06.932Z",
        "p": "43587.40",
        "q": "1.319",
        "m": true
    },
    {
        "a": "1972023691",
        "E": "2024-01-05T10:59:06.932Z",
        "p": "43587.10",
        "q": "0.040",
        "m": true
    },
    {
        "a": "1972023692",
        "E": "2024-01-05T10:59:06.932Z",
        "p": "43587.00",
        "q": "0.040",
        "m": true
    },
    {
        "a": "1972023693",
        "E": "2024-01-05T10:59:06.932Z",
        "p": "43586.90",
        "q": "0.040",
        "m": true
    },
    {
        "a": "1972023694",
        "E": "2024-01-05T10:59:06.932Z",
        "p": "43586.80",
        "q": "0.195",
        "m": true
    },
    {
        "a": "1972023695",
        "E": "2024-01-05T10:59:06.932Z",
        "p": "43586.70",
        "q": "0.020",
        "m": true
    },
    {
        "a": "1972023696",
        "E": "2024-01-05T10:59:06.932Z",
        "p": "43586.50",
        "q": "0.044",
        "m": true
    },
    {
        "a": "1972023697",
        "E": "2024-01-05T10:59:06.932Z",
        "p": "43586.40",
        "q": "0.020",
        "m": true
    },
    {
        "a": "1972023698",
        "E": "2024-01-05T10:59:06.932Z",
        "p": "43586.30",
        "q": "0.020",
        "m": true
    },
    {
        "a": "1972023699",
        "E": "2024-01-05T10:59:06.932Z",
        "p": "43586.10",
        "q": "0.028",
        "m": true
    },
    {
        "a": "1972023700",
        "E": "2024-01-05T10:59:06.933Z",
        "p": "43586.00",
        "q": "10.938",
        "m": true
    },
    {
        "a": "1972023701",
        "E": "2024-01-05T10:59:06.933Z",
        "p": "43585.90",
        "q": "0.288",
        "m": true
    },
    {
        "a": "1972023702",
        "E": "2024-01-05T10:59:06.933Z",
        "p": "43585.80",
        "q": "0.007",
        "m": true
    },
    {
        "a": "1972023703",
        "E": "2024-01-05T10:59:06.933Z",
        "p": "43585.70",
        "q": "0.040",
        "m": true
    },
    {
        "a": "1972023704",
        "E": "2024-01-05T10:59:06.933Z",
        "p": "43585.60",
        "q": "0.009",
        "m": true
    },
    {
        "a": "1972023705",
        "E": "2024-01-05T10:59:06.933Z",
        "p": "43585.50",
        "q": "0.010",
        "m": true
    },
    {
        "a": "1972023706",
        "E": "2024-01-05T10:59:06.933Z",
        "p": "43585.40",
        "q": "0.009",
        "m": true
    },
    {
        "a": "1972023707",
        "E": "2024-01-05T10:59:06.933Z",
        "p": "43585.30",
        "q": "0.061",
        "m": true
    },
    {
        "a": "1972023708",
        "E": "2024-01-05T10:59:06.933Z",
        "p": "43585.20",
        "q": "0.024",
        "m": true
    },
    {
        "a": "1972023709",
        "E": "2024-01-05T10:59:06.933Z",
        "p": "43585.10",
        "q": "0.060",
        "m": true
    },
    {
        "a": "1972023710",
        "E": "2024-01-05T10:59:06.933Z",
        "p": "43585.00",
        "q": "0.151",
        "m": true
    },
    {
        "a": "1972023711",
        "E": "2024-01-05T10:59:06.933Z",
        "p": "43584.90",
        "q": "0.130",
        "m": true
    },
    {
        "a": "1972023712",
        "E": "2024-01-05T10:59:06.933Z",
        "p": "43584.60",
        "q": "0.050",
        "m": true
    },
    {
        "a": "1972023713",
        "E": "2024-01-05T10:59:06.933Z",
        "p": "43584.30",
        "q": "0.079",
        "m": true
    },
    {
        "a": "1972023714",
        "E": "2024-01-05T10:59:06.933Z",
        "p": "43584.20",
        "q": "0.008",
        "m": true
    },
    {
        "a": "1972023715",
        "E": "2024-01-05T10:59:06.933Z",
        "p": "43584.10",
        "q": "0.003",
        "m": true
    },
    {
        "a": "1972023716",
        "E": "2024-01-05T10:59:06.934Z",
        "p": "43584.00",
        "q": "0.068",
        "m": true
    },
    {
        "a": "1972023717",
        "E": "2024-01-05T10:59:06.934Z",
        "p": "43583.90",
        "q": "0.032",
        "m": true
    },
    {
        "a": "1972023718",
        "E": "2024-01-05T10:59:06.934Z",
        "p": "43583.80",
        "q": "0.080",
        "m": true
    },
    {
        "a": "1972023719",
        "E": "2024-01-05T10:59:06.934Z",
        "p": "43583.60",
        "q": "0.044",
        "m": true
    },
    {
        "a": "1972023720",
        "E": "2024-01-05T10:59:06.934Z",
        "p": "43583.50",
        "q": "0.020",
        "m": true
    },
    {
        "a": "1972023721",
        "E": "2024-01-05T10:59:06.934Z",
        "p": "43583.30",
        "q": "0.013",
        "m": true
    },
    {
        "a": "1972023722",
        "E": "2024-01-05T10:59:06.934Z",
        "p": "43583.20",
        "q": "0.020",
        "m": true
    },
    {
        "a": "1972023723",
        "E": "2024-01-05T10:59:06.934Z",
        "p": "43583.10",
        "q": "0.949",
        "m": true
    },
    {
        "a": "1972023724",
        "E": "2024-01-05T10:59:06.934Z",
        "p": "43583.00",
        "q": "0.263",
        "m": true
    },
    {
        "a": "1972023725",
        "E": "2024-01-05T10:59:06.934Z",
        "p": "43582.90",
        "q": "0.193",
        "m": true
    },
    {
        "a": "1972023726",
        "E": "2024-01-05T10:59:06.934Z",
        "p": "43582.80",
        "q": "0.045",
        "m": true
    },
    {
        "a": "1972023727",
        "E": "2024-01-05T10:59:06.934Z",
        "p": "43582.70",
        "q": "0.389",
        "m": true
    },
    {
        "a": "1972023728",
        "E": "2024-01-05T10:59:06.934Z",
        "p": "43582.60",
        "q": "0.048",
        "m": true
    },
    {
        "a": "1972023729",
        "E": "2024-01-05T10:59:06.934Z",
        "p": "43582.50",
        "q": "0.033",
        "m": true
    },
    {
        "a": "1972023730",
        "E": "2024-01-05T10:59:06.934Z",
        "p": "43582.40",
        "q": "0.689",
        "m": true
    },
    {
        "a": "1972023731",
        "E": "2024-01-05T10:59:06.934Z",
        "p": "43582.30",
        "q": "0.025",
        "m": true
    },
    {
        "a": "1972023732",
        "E": "2024-01-05T10:59:06.934Z",
        "p": "43582.00",
        "q": "0.455",
        "m": true
    },
    {
        "a": "1972023733",
        "E": "2024-01-05T10:59:06.934Z",
        "p": "43581.90",
        "q": "0.240",
        "m": true
    },
    {
        "a": "1972023734",
        "E": "2024-01-05T10:59:06.934Z",
        "p": "43581.80",
        "q": "0.020",
        "m": true
    },
    {
        "a": "1972023735",
        "E": "2024-01-05T10:59:06.934Z",
        "p": "43581.60",
        "q": "0.114",
        "m": true
    },
    {
        "a": "1972023736",
        "E": "2024-01-05T10:59:06.934Z",
        "p": "43581.50",
        "q": "0.023",
        "m": true
    },
    {
        "a": "1972023737",
        "E": "2024-01-05T10:59:06.934Z",
        "p": "43581.40",
        "q": "0.061",
        "m": true
    },
    {
        "a": "1972023738",
        "E": "2024-01-05T10:59:06.934Z",
        "p": "43581.30",
        "q": "0.016",
        "m": true
    },
    {
        "a": "1972023739",
        "E": "2024-01-05T10:59:06.934Z",
        "p": "43581.20",
        "q": "0.317",
        "m": true
    },
    {
        "a": "1972023740",
        "E": "2024-01-05T10:59:06.934Z",
        "p": "43581.00",
        "q": "0.033",
        "m": true
    },
    {
        "a": "1972023741",
        "E": "2024-01-05T10:59:06.934Z",
        "p": "43580.90",
        "q": "0.014",
        "m": true
    },
    {
        "a": "1972023742",
        "E": "2024-01-05T10:59:06.934Z",
        "p": "43580.80",
        "q": "1.866",
        "m": true
    },
    {
        "a": "1972023743",
        "E": "2024-01-05T10:59:06.934Z",
        "p": "43580.70",
        "q": "0.380",
        "m": true
    },
    {
        "a": "1972023744",
        "E": "2024-01-05T10:59:06.935Z",
        "p": "43580.60",
        "q": "0.003",
        "m": true
    },
    {
        "a": "1972023745",
        "E": "2024-01-05T10:59:06.935Z",
        "p": "43580.50",
        "q": "0.034",
        "m": true
    },
    {
        "a": "1972023746",
        "E": "2024-01-05T10:59:06.935Z",
        "p": "43580.40",
        "q": "0.148",
        "m": true
    },
    {
        "a": "1972023747",
        "E": "2024-01-05T10:59:06.935Z",
        "p": "43580.30",
        "q": "0.245",
        "m": true
    },
    {
        "a": "1972023748",
        "E": "2024-01-05T10:59:06.935Z",
        "p": "43580.00",
        "q": "7.886",
        "m": true
    },
    {
        "a": "1972023749",
        "E": "2024-01-05T10:59:06.935Z",
        "p": "43579.90",
        "q": "0.010",
        "m": true
    },
    {
        "a": "1972023750",
        "E": "2024-01-05T10:59:06.935Z",
        "p": "43579.80",
        "q": "0.024",
        "m": true
    },
    {
        "a": "1972023751",
        "E": "2024-01-05T10:59:06.935Z",
        "p": "43579.60",
        "q": "0.025",
        "m": true
    },
    {
        "a": "1972023752",
        "E": "2024-01-05T10:59:06.935Z",
        "p": "43579.50",
        "q": "0.003",
        "m": true
    },
    {
        "a": "1972023753",
        "E": "2024-01-05T10:59:06.935Z",
        "p": "43579.40",
        "q": "0.003",
        "m": true
    },
    {
        "a": "1972023754",
        "E": "2024-01-05T10:59:06.935Z",
        "p": "43579.30",
        "q": "0.007",
        "m": true
    },
    {
        "a": "1972023755",
        "E": "2024-01-05T10:59:06.935Z",
        "p": "43579.10",
        "q": "2.112",
        "m": true
    },
    {
        "a": "1972023756",
        "E": "2024-01-05T10:59:06.935Z",
        "p": "43579.00",
        "q": "0.998",
        "m": true
    },
    {
        "a": "1972023757",
        "E": "2024-01-05T10:59:06.935Z",
        "p": "43578.90",
        "q": "0.023",
        "m": true
    },
    {
        "a": "1972023758",
        "E": "2024-01-05T10:59:06.935Z",
        "p": "43578.80",
        "q": "0.003",
        "m": true
    },
    {
        "a": "1972023759",
        "E": "2024-01-05T10:59:06.935Z",
        "p": "43578.70",
        "q": "0.023",
        "m": true
    },
    {
        "a": "1972023760",
        "E": "2024-01-05T10:59:06.935Z",
        "p": "43578.60",
        "q": "0.690",
        "m": true
    },
    {
        "a": "1972023761",
        "E": "2024-01-05T10:59:06.935Z",
        "p": "43578.50",
        "q": "0.539",
        "m": true
    },
    {
        "a": "1972023762",
        "E": "2024-01-05T10:59:06.935Z",
        "p": "43578.40",
        "q": "0.279",
        "m": true
    },
    {
        "a": "1972023763",
        "E": "2024-01-05T10:59:06.935Z",
        "p": "43578.30",
        "q": "0.025",
        "m": true
    },
    {
        "a": "1972023764",
        "E": "2024-01-05T10:59:06.935Z",
        "p": "43578.20",
        "q": "0.897",
        "m": true
    },
    {
        "a": "1972023765",
        "E": "2024-01-05T10:59:06.935Z",
        "p": "43578.10",
        "q": "0.003",
        "m": true
    },
    {
        "a": "1972023766",
        "E": "2024-01-05T10:59:06.935Z",
        "p": "43578.00",
        "q": "0.131",
        "m": true
    },
    {
        "a": "1972023767",
        "E": "2024-01-05T10:59:06.935Z",
        "p": "43577.90",
        "q": "0.040",
        "m": true
    },
    {
        "a": "1972023768",
        "E": "2024-01-05T10:59:06.935Z",
        "p": "43577.80",
        "q": "1.794",
        "m": true
    },
    {
        "a": "1972023769",
        "E": "2024-01-05T10:59:06.935Z",
        "p": "43577.70",
        "q": "0.249",
        "m": true
    },
    {
        "a": "1972023770",
        "E": "2024-01-05T10:59:06.936Z",
        "p": "43577.60",
        "q": "7.954",
        "m": true
    },
    {
        "a": "1972023771",
        "E": "2024-01-05T10:59:06.936Z",
        "p": "43587.50",
        "q": "0.049",
        "m": false
    },
    {
        "a": "1972023772",
        "E": "2024-01-05T10:59:06.936Z",
        "p": "43577.60",
        "q": "0.684",
        "m": true
    },
    {
        "a": "1972023773",
        "E": "2024-01-05T10:59:06.937Z",
        "p": "43587.50",
        "q": "0.778",
        "m": false
    },
    {
        "a": "1972023774",
        "E": "2024-01-05T10:59:06.937Z",
        "p": "43587.20",
        "q": "0.110",
        "m": true
    },
    {
        "a": "1972023775",
        "E": "2024-01-05T10:59:06.937Z",
        "p": "43579.50",
        "q": "0.022",
        "m": true
    },
    {
        "a": "1972023776",
        "E": "2024-01-05T10:59:06.940Z",
        "p": "43577.60",
        "q": "0.018",
        "m": true
    },
    {
        "a": "1972023777",
        "E": "2024-01-05T10:59:06.941Z",
        "p": "43582.00",
        "q": "0.224",
        "m": true
    },
    {
        "a": "1972023778",
        "E": "2024-01-05T10:59:06.941Z",
        "p": "43577.60",
        "q": "1.301",
        "m": true
    },
    {
        "a": "1972023779",
        "E": "2024-01-05T10:59:06.941Z",
        "p": "43577.50",
        "q": "0.857",
        "m": true
    },
    {
        "a": "1972023780",
        "E": "2024-01-05T10:59:06.941Z",
        "p": "43577.40",
        "q": "0.036",
        "m": true
    },
    {
        "a": "1972023781",
        "E": "2024-01-05T10:59:06.941Z",
        "p": "43577.30",
        "q": "0.008",
        "m": true
    },
    {
        "a": "1972023782",
        "E": "2024-01-05T10:59:06.941Z",
        "p": "43577.10",
        "q": "0.005",
        "m": true
    },
    {
        "a": "1972023783",
        "E": "2024-01-05T10:59:06.946Z",
        "p": "43577.00",
        "q": "2.416",
        "m": true
    },
    {
        "a": "1972023784",
        "E": "2024-01-05T10:59:06.946Z",
        "p": "43577.30",
        "q": "0.160",
        "m": true
    },
    {
        "a": "1972023785",
        "E": "2024-01-05T10:59:06.959Z",
        "p": "43577.00",
        "q": "18.524",
        "m": true
    },
    {
        "a": "1972023786",
        "E": "2024-01-05T10:59:06.963Z",
        "p": "43576.90",
        "q": "0.290",
        "m": true
    },
    {
        "a": "1972023787",
        "E": "2024-01-05T10:59:06.963Z",
        "p": "43576.70",
        "q": "0.068",
        "m": true
    },
    {
        "a": "1972023788",
        "E": "2024-01-05T10:59:06.963Z",
        "p": "43576.60",
        "q": "0.006",
        "m": true
    },
    {
        "a": "1972023789",
        "E": "2024-01-05T10:59:06.965Z",
        "p": "43576.50",
        "q": "0.125",
        "m": true
    },
    {
        "a": "1972023790",
        "E": "2024-01-05T10:59:06.965Z",
        "p": "43576.40",
        "q": "0.100",
        "m": true
    },
    {
        "a": "1972023791",
        "E": "2024-01-05T10:59:06.965Z",
        "p": "43576.30",
        "q": "0.031",
        "m": true
    },
    {
        "a": "1972023792",
        "E": "2024-01-05T10:59:06.965Z",
        "p": "43576.20",
        "q": "0.067",
        "m": true
    },
    {
        "a": "1972023793",
        "E": "2024-01-05T10:59:06.965Z",
        "p": "43576.10",
        "q": "0.021",
        "m": true
    },
    {
        "a": "1972023794",
        "E": "2024-01-05T10:59:06.965Z",
        "p": "43576.00",
        "q": "0.621",
        "m": true
    },
    {
        "a": "1972023795",
        "E": "2024-01-05T10:59:06.965Z",
        "p": "43575.90",
        "q": "0.006",
        "m": true
    },
    {
        "a": "1972023796",
        "E": "2024-01-05T10:59:06.965Z",
        "p": "43575.80",
        "q": "0.305",
        "m": true
    },
    {
        "a": "1972023797",
        "E": "2024-01-05T10:59:06.965Z",
        "p": "43575.70",
        "q": "0.032",
        "m": true
    },
    {
        "a": "1972023798",
        "E": "2024-01-05T10:59:06.965Z",
        "p": "43575.60",
        "q": "0.020",
        "m": true
    },
    {
        "a": "1972023799",
        "E": "2024-01-05T10:59:06.965Z",
        "p": "43575.50",
        "q": "0.007",
        "m": true
    },
    {
        "a": "1972023800",
        "E": "2024-01-05T10:59:06.965Z",
        "p": "43575.40",
        "q": "0.003",
        "m": true
    },
    {
        "a": "1972023801",
        "E": "2024-01-05T10:59:06.965Z",
        "p": "43575.30",
        "q": "0.003",
        "m": true
    },
    {
        "a": "1972023802",
        "E": "2024-01-05T10:59:06.965Z",
        "p": "43575.10",
        "q": "0.500",
        "m": true
    },
    {
        "a": "1972023803",
        "E": "2024-01-05T10:59:06.965Z",
        "p": "43575.00",
        "q": "0.094",
        "m": true
    },
    {
        "a": "1972023804",
        "E": "2024-01-05T10:59:06.965Z",
        "p": "43574.90",
        "q": "0.007",
        "m": true
    },
    {
        "a": "1972023805",
        "E": "2024-01-05T10:59:06.965Z",
        "p": "43574.50",
        "q": "0.031",
        "m": true
    },
    {
        "a": "1972023806",
        "E": "2024-01-05T10:59:06.965Z",
        "p": "43574.40",
        "q": "0.380",
        "m": true
    },
    {
        "a": "1972023807",
        "E": "2024-01-05T10:59:06.965Z",
        "p": "43574.20",
        "q": "0.043",
        "m": true
    },
    {
        "a": "1972023808",
        "E": "2024-01-05T10:59:06.965Z",
        "p": "43574.10",
        "q": "0.040",
        "m": true
    },
    {
        "a": "1972023809",
        "E": "2024-01-05T10:59:06.966Z",
        "p": "43574.00",
        "q": "0.094",
        "m": true
    },
    {
        "a": "1972023810",
        "E": "2024-01-05T10:59:06.966Z",
        "p": "43573.90",
        "q": "0.359",
        "m": true
    },
    {
        "a": "1972023811",
        "E": "2024-01-05T10:59:06.966Z",
        "p": "43573.80",
        "q": "0.251",
        "m": true
    },
    {
        "a": "1972023812",
        "E": "2024-01-05T10:59:06.966Z",
        "p": "43573.70",
        "q": "0.387",
        "m": true
    },
    {
        "a": "1972023813",
        "E": "2024-01-05T10:59:06.966Z",
        "p": "43573.60",
        "q": "0.040",
        "m": true
    },
    {
        "a": "1972023814",
        "E": "2024-01-05T10:59:06.966Z",
        "p": "43573.50",
        "q": "0.006",
        "m": true
    },
    {
        "a": "1972023815",
        "E": "2024-01-05T10:59:06.966Z",
        "p": "43573.40",
        "q": "0.805",
        "m": true
    },
    {
        "a": "1972023816",
        "E": "2024-01-05T10:59:06.966Z",
        "p": "43573.30",
        "q": "0.061",
        "m": true
    },
    {
        "a": "1972023817",
        "E": "2024-01-05T10:59:06.966Z",
        "p": "43573.20",
        "q": "0.751",
        "m": true
    },
    {
        "a": "1972023818",
        "E": "2024-01-05T10:59:06.966Z",
        "p": "43573.10",
        "q": "0.003",
        "m": true
    },
    {
        "a": "1972023819",
        "E": "2024-01-05T10:59:06.966Z",
        "p": "43573.00",
        "q": "0.103",
        "m": true
    },
    {
        "a": "1972023820",
        "E": "2024-01-05T10:59:06.966Z",
        "p": "43572.90",
        "q": "0.042",
        "m": true
    },
    {
        "a": "1972023821",
        "E": "2024-01-05T10:59:06.966Z",
        "p": "43572.80",
        "q": "0.012",
        "m": true
    },
    {
        "a": "1972023822",
        "E": "2024-01-05T10:59:06.966Z",
        "p": "43572.70",
        "q": "0.123",
        "m": true
    },
    {
        "a": "1972023823",
        "E": "2024-01-05T10:59:06.966Z",
        "p": "43572.60",
        "q": "0.056",
        "m": true
    },
    {
        "a": "1972023824",
        "E": "2024-01-05T10:59:06.966Z",
        "p": "43572.50",
        "q": "0.042",
        "m": true
    },
    {
        "a": "1972023825",
        "E": "2024-01-05T10:59:06.966Z",
        "p": "43572.30",
        "q": "0.003",
        "m": true
    },
    {
        "a": "1972023826",
        "E": "2024-01-05T10:59:06.966Z",
        "p": "43572.20",
        "q": "0.170",
        "m": true
    },
    {
        "a": "1972023827",
        "E": "2024-01-05T10:59:06.966Z",
        "p": "43572.10",
        "q": "0.032",
        "m": true
    },
    {
        "a": "1972023828",
        "E": "2024-01-05T10:59:06.966Z",
        "p": "43572.00",
        "q": "0.510",
        "m": true
    },
    {
        "a": "1972023829",
        "E": "2024-01-05T10:59:06.967Z",
        "p": "43571.80",
        "q": "0.029",
        "m": true
    },
    {
        "a": "1972023830",
        "E": "2024-01-05T10:59:06.967Z",
        "p": "43571.60",
        "q": "0.115",
        "m": true
    },
    {
        "a": "1972023831",
        "E": "2024-01-05T10:59:06.967Z",
        "p": "43571.50",
        "q": "0.006",
        "m": true
    },
    {
        "a": "1972023832",
        "E": "2024-01-05T10:59:06.967Z",
        "p": "43571.40",
        "q": "0.418",
        "m": true
    },
    {
        "a": "1972023833",
        "E": "2024-01-05T10:59:06.967Z",
        "p": "43571.30",
        "q": "0.033",
        "m": true
    },
    {
        "a": "1972023834",
        "E": "2024-01-05T10:59:06.967Z",
        "p": "43571.20",
        "q": "1.576",
        "m": true
    },
    {
        "a": "1972023835",
        "E": "2024-01-05T10:59:06.967Z",
        "p": "43573.00",
        "q": "0.003",
        "m": true
    },
    {
        "a": "1972023836",
        "E": "2024-01-05T10:59:06.967Z",
        "p": "43571.20",
        "q": "0.285",
        "m": true
    },
    {
        "a": "1972023837",
        "E": "2024-01-05T10:59:06.967Z",
        "p": "43571.00",
        "q": "0.556",
        "m": true
    },
    {
        "a": "1972023838",
        "E": "2024-01-05T10:59:06.968Z",
        "p": "43577.20",
        "q": "0.012",
        "m": false
    },
    {
        "a": "1972023839",
        "E": "2024-01-05T10:59:06.968Z",
        "p": "43571.00",
        "q": "0.670",
        "m": true
    },
    {
        "a": "1972023840",
        "E": "2024-01-05T10:59:06.968Z",
        "p": "43570.80",
        "q": "0.023",
        "m": true
    },
    {
        "a": "1972023841",
        "E": "2024-01-05T10:59:06.968Z",
        "p": "43570.60",
        "q": "0.020",
        "m": true
    },
    {
        "a": "1972023842",
        "E": "2024-01-05T10:59:06.968Z",
        "p": "43570.40",
        "q": "0.010",
        "m": true
    },
    {
        "a": "1972023843",
        "E": "2024-01-05T10:59:06.968Z",
        "p": "43570.20",
        "q": "0.972",
        "m": true
    },
    {
        "a": "1972023844",
        "E": "2024-01-05T10:59:06.968Z",
        "p": "43570.10",
        "q": "0.009",
        "m": true
    },
    {
        "a": "1972023845",
        "E": "2024-01-05T10:59:06.968Z",
        "p": "43570.00",
        "q": "0.061",
        "m": true
    },
    {
        "a": "1972023846",
        "E": "2024-01-05T10:59:06.968Z",
        "p": "43569.90",
        "q": "0.056",
        "m": true
    },
    {
        "a": "1972023847",
        "E": "2024-01-05T10:59:06.968Z",
        "p": "43569.80",
        "q": "0.041",
        "m": true
    },
    {
        "a": "1972023848",
        "E": "2024-01-05T10:59:06.969Z",
        "p": "43569.70",
        "q": "0.123",
        "m": true
    },
    {
        "a": "1972023849",
        "E": "2024-01-05T10:59:06.969Z",
        "p": "43569.60",
        "q": "0.020",
        "m": true
    },
    {
        "a": "1972023850",
        "E": "2024-01-05T10:59:06.969Z",
        "p": "43569.50",
        "q": "0.094",
        "m": true
    },
    {
        "a": "1972023851",
        "E": "2024-01-05T10:59:06.969Z",
        "p": "43569.40",
        "q": "0.022",
        "m": true
    },
    {
        "a": "1972023852",
        "E": "2024-01-05T10:59:06.969Z",
        "p": "43569.30",
        "q": "0.291",
        "m": true
    },
    {
        "a": "1972023853",
        "E": "2024-01-05T10:59:06.969Z",
        "p": "43569.20",
        "q": "0.024",
        "m": true
    },
    {
        "a": "1972023854",
        "E": "2024-01-05T10:59:06.969Z",
        "p": "43569.10",
        "q": "0.093",
        "m": true
    },
    {
        "a": "1972023855",
        "E": "2024-01-05T10:59:06.969Z",
        "p": "43569.09",
        "q": "0.001",
        "m": true
    },
    {
        "a": "1972023856",
        "E": "2024-01-05T10:59:06.969Z",
        "p": "43569.00",
        "q": "0.032",
        "m": true
    },
    {
        "a": "1972023857",
        "E": "2024-01-05T10:59:06.969Z",
        "p": "43570.40",
        "q": "0.003",
        "m": true
    },
    {
        "a": "1972023858",
        "E": "2024-01-05T10:59:06.969Z",
        "p": "43569.00",
        "q": "0.030",
        "m": true
    },
    {
        "a": "1972023859",
        "E": "2024-01-05T10:59:06.969Z",
        "p": "43570.00",
        "q": "0.166",
        "m": false
    },
    {
        "a": "1972023860",
        "E": "2024-01-05T10:59:06.969Z",
        "p": "43571.90",
        "q": "0.434",
        "m": false
    },
    {
        "a": "1972023861",
